2810 4062
241 257 290 346 48
554 273 685 324 Pcav‘n
713 273 984 328 uos‘rmnum.

246 453 317 518 TH.
353 452 397 517 Di
428 451 639 526 immortales,
671 452 862 515 mercimoni
894 452 1015 535 lepidi!
1078 451 1142 538 [Si]
1182 454 1292 522 hercle

372 563 560 630 nuncierat

242 681 308 744 Sex
324 680 449 744 talenta
465 697 586 760 magna
601 675 732 760 argenti
748 695 807 758 pro
823 675 896 741 istis
912 679 1145 760 praesentaria,
1258 709 1290 749 10

240 791 431 874 Numquam
463 788 630 870 accipiam.
693 786 760 851 TR.
794 787 830 850 Si
853 787 965 852 hercle
995 790 1145 872 accipere
1169 791 1291 873 cupias,

372 924 434 986 ego
450 921 628 984 numquam
645 899 760 963 sinam.
848 881 849 886 ἵ

244 1016 316 1082 ΤΗ
342 1017 433 1080 Bene
448 1035 500 1079 res
517 1023 630 1076 nostra
645 1011 816 1075 conlocata
832 1023 883 1076 est
899 1012 983 1077 istoc
1000 1014 1223 1080 mercimonio.

244 1130 276 1193 Τ
271 1131 313 1194 R.
339 1129 396 1193 Me
427 1147 562 1192 suasore
592 1137 692 1209 atque
724 1126 892 1220 inpuisore
919 1126 952 1188 id
983 1123 1106 1191 iactum
1135 1129 1293 1193 audacter

369 1240 479 1317 dicito,

239 1355 306 1438 Qui
323 1354 449 1436 subegi,
464 1350 598 1417 faenore
614 1361 790 1433 argentum
806 1351 848 1414 ab
863 1351 994 1415 danista
1009 1363 1045 1416 ut
1063 1364 1217 1429 sumeret,
1316 1371 1319 1376 ·

239 1468 337 1551 Quod
361 1468 416 1530 isti
432 1466 583 1530 dedimus
606 1463 769 1528 arraboni.
821 1463 851 1526 T
848 1464 892 1528 H.
942 1464 1129 1530 Servavasti
1155 1487 1287 1530 omnem

370 1592 482 1662 ratem.
1186 1579 1189 1584 ’
1258 1591 1287 1644 15

238 1695 369 1777 Nempe
400 1692 571 1773 octoginta
597 1690 762 1753 debentur
789 1688 864 1753 huic
892 1690 1025 1754 minae?
1086 1690 1154 1756 TR.
1189 1691 1291 1782 Haud

369 1827 470 1870 numo
485 1803 633 1885 amplius.

242 1920 273 1982 T
269 1919 313 1984 H.
342 1918 452 1982 Hodie
475 1916 624 1999 accipiat.
677 1914 707 1977 Τ
703 1915 744 1978 R.
771 1914 823 1978 Ita
845 1915 1022 1991 enimvero,
1039 1935 1081 1980 ne
1104 1937 1168 2000 qua
1189 1937 1291 1982 causa

368 2033 505 2115 supsiet,

236 2146 299 2212 Vel
317 2147 396 2211 mihi
412 2148 650 2220 denumerato;
674 2163 736 2224 ego
752 2141 798 2204 illi
815 2162 910 2224 porro
927 2143 1193 2208 denumeravero

241 2262 273 2324 T
268 2259 311 2323 H.
336 2260 386 2323 At
402 2259 490 2323 enim
507 2256 643 2340 nequid
660 2255 805 2338 captioni
823 2256 903 2318 mihi
920 2257 971 2331 sit,
989 2257 1017 2319 si
1033 2257 1179 2321 dederim
1197 2256 1265 2320 tibi.

242 2374 273 2436 Τ
268 2375 309 2437 R.
328 2373 445 2454 Egone
456 2382 488 2435 te
499 2369 605 2434 ioculo
615 2369 713 2431 modo
723 2368 829 2431 ausim
840 2368 929 2431 dicto
939 2380 996 2431 aut
1007 2366 1096 2432 facto
1106 2367 1241 2433 fallere?
1256 2309 1353 2437 ff

242 2486 273 2548 T
268 2486 312 2552 H.
338 2484 444 2567 Egon’
461 2503 519 2566 aps
534 2494 569 2547 te
584 2481 689 2546 ausim
707 2501 774 2544 non
790 2501 914 2555 cavere,
931 2501 972 2543 ne
989 2481 1068 2564 quid
1084 2483 1290 2546 committam

369 2597 428 2662 tibi
442 2597 454 2660 Β

242 2711 272 2775 Τ
269 2711 311 2779 R.
338 2710 425 2793 Quia
447 2709 507 2774 tibi
529 2729 685 2791 umquam
710 2706 894 2791 quicquam,
911 2719 1086 2790 postquam
1109 2718 1186 2772 tuus
1205 2729 1290 2784 sum,

367 2822 540 2886 verborum
557 2821 631 2884 dedi
647 2821 658 2883 ?

242 2935 272 2998 Τ
269 2935 313 3000 Η
342 2935 414 3017 Ego
430 2932 517 3000 enim
535 2933 606 2998 cavi
623 2944 720 2998 recte.
772 2931 803 2997 Τ
798 2933 842 2998 R.
866 2933 947 2997 Eam
967 2931 1075 3016 [mihi]
1092 2933 1195 2997 debes
1216 2954 1291 3016 gra·

368 3049 459 3123 tiam,
474 3059 573 3131 atque
589 3048 700 3111 animo
716 3067 800 3110 meo.

242 3161 312 3226 ΤΗ.
339 3160 398 3225 Sat
414 3161 514 3242 sapio,
531 3160 559 3223 si
575 3181 634 3242 aps
651 3161 799 3224 ternodo
816 3180 882 3224 uno
901 3178 1010 3223 caveo.
1068 3159 1099 3221 Τ
1094 3158 1136 3224 R.
1163 3159 1292 3224 Tecum

367 3274 482 3338 sentio.

243 3385 314 3450 TH.
341 3385 440 3449 Nunc
463 3384 516 3449 abi
540 3403 618 3449 rus:
642 3384 704 3461 dic,
721 3405 775 3449 me
797 3383 1074 3459 advenisse,‘filio.
1102 3461 1106 3468 ι
1134 3383 1203 3449 TR.
1229 3385 1292 3449 Fa-

367 3499 461 3568 ciam,
477 3509 513 3561 ut
527 3498 626 3562 voles.
1251 3508 1286 3564 25
