2810 4062
186 259 230 329 14
482 259 613 308 PLAVTI
640 259 911 310 MOSTELLARIA.

182 434 270 498 Nam
295 454 401 518 neque
424 436 503 499 edes
527 435 711 518 quicquam,
736 457 842 520 neque
873 435 966 500 bibes
989 438 1076 519 apud
1101 457 1153 501 me
1177 437 1229 502 his

310 548 424 611 decem
441 547 566 610 diebus.

178 659 380 723 PHILEM.
401 659 437 724 Si
452 660 531 743 quid
548 672 584 723 tu
600 660 634 724 in
650 659 740 722 illurn
765 660 848 722 bene
865 659 956 723 voles
979 661 1078 744 loqui,
1095 662 1128 724 id
1144 661 1232 745 loqui

309 771 444 847 licebit;

179 881 252 946 Nec
268 895 356 946 recte
373 882 401 946 si
418 883 463 945 illi
478 882 607 958 dixeris,
624 882 687 946 iam
704 893 834 946 ecastor
849 865 1031 966 vapulabis¹

178 991 369 1056 PHILOL.
394 993 522 1075 Edepol
538 992 565 1055 si
581 1013 709 1056 summo
724 993 793 1056 Iovi
806 994 879 1057 vivo
895 1007 1032 1077 argento
1048 995 1233 1059 sacrulicas·

312 1124 391 1179 sern,

179 1215 242 1280 Pro
265 1215 351 1279 illius
378 1195 485 1298 capite
510 1218 598 1300 quod
624 1216 722 1280 dedi:
754 1237 934 1300 numquam
959 1238 1063 1301 aeque
1087 1217 1120 1281 id
1147 1218 1232 1282 bene

310 1328 476 1392 locassem.
1194 1329 1226 1396 85

178 1437 226 1503 Vt
240 1438 352 1504 videas
377 1460 446 1504 earn
472 1440 661 1504 medullitus
676 1460 729 1504 me
744 1442 873 1504 amare!
913 1441 977 1516 Oh,
994 1442 1116 1524 probus
1132 1442 1230 1505 homo

309 1573 405 1617 surn:

181 1663 277 1746 Quae
292 1685 351 1746 pro
367 1686 420 1729 me
436 1685 568 1728 causam
585 1664 719 1740 diceret,
735 1675 909 1747 patronum
926 1665 1069 1730 liberavi.

179 1774 242 1841 SC.
266 1774 384 1853 Video,
414 1787 446 1840 te
478 1775 570 1838 nihili
602 1776 745 1859 pendere
783 1796 860 1858 prae
899 1776 1086 1841 Philolache
1115 1799 1230 1842 omnes

307 1888 478 1952 homines:

178 1999 287 2076 Nunc,
303 2021 345 2064 ne
361 2000 431 2064 eius
446 2019 546 2064 causa
561 2000 725 2081 vapulem,
741 1999 800 2064 tibi
815 1999 924 2082 potius
940 2001 1149 2076 adsentabor,

179 2111 217 2176 Si
241 2122 412 2195 acceptum
439 2123 492 2175 sat
515 2111 626 2187 habeS,
651 2111 711 2175 tibi
738 2109 807 2175 lore
830 2111 920 2174 illurn
946 2111 1086 2175 amicum
1111 2110 1230 2194 sempi-

308 2219 447 2288 ternum.
1196 2235 1231 2290 90

175 2335 379 2401 PHILEM.
405 2335 495 2400 Cedo
511 2335 591 2398 mihi
604 2334 774 2417 speculum
790 2345 910 2398 etcum
923 2334 1125 2398 ornamentis
1138 2355 1230 2428 arcu7

308 2449 374 2512 lam
391 2457 548 2522 actutum,
566 2446 707 2529 Scapha,

178 2560 306 2625 Ornata
328 2571 365 2624 ut
388 2559 478 2635 siem,
495 2579 593 2641 quorn
619 2559 682 2623 huc
705 2557 817 2622 veniat
841 2557 1054 2634 Philolaches,
1077 2557 1229 2639 voluptas

310 2692 392 2737 mea
569 2737 571 2741 .

178 2783 239 2850 SC.
265 2783 385 2847 Mulier
406 2803 490 2867 quae
506 2804 541 2847 se
557 2803 715 2866 suamque
730 2791 871 2846 aetatem
896 2782 1030 2864 spernit,
1051 2780 1183 2864 speculo
1198 2765 1229 2846 ei

307 2917 386 2960 usus
402 2907 452 2962 est
467 2917 473 2960 :
870 2891 871 2894 ¹

177 3008 267 3091 Quid
290 3028 372 3090 opus
394 3019 445 3072 est
469 3006 603 3089 speculo
626 3005 694 3082 tibi,
710 3025 796 3088 quae
818 3015 889 3071 tute
912 3006 1045 3087 speculo
1060 3003 1229 3086 speculum

306 3140 342 3182 es
359 3119 572 3204 maxumum?

174 3229 368 3295 PHILOL.
393 3230 447 3295 Ob
463 3230 549 3294 istuc
564 3231 712 3306 verbum,
725 3249 767 3294 ne
783 3228 992 3313 nequiquam,
1006 3228 1144 3312 Scapha,
1162 3239 1227 3292 tarn

308 3342 415 3425 lepide
430 3343 561 3419 dixeris,
1193 3353 1228 3408 95

178 3454 274 3520 Dabo
290 3455 410 3539 aliquid
427 3455 525 3519 hodie
540 3454 647 3536 peculi
663 3454 732 3529 tibi,
753 3453 982 3519 Philematium
1000 3473 1079 3518 mea
