2810 4062
240 304 287 376 54
549 302 681 352 PLAVTI
708 302 978 354 MOSTELLARIA.

176 532 180 542 .
239 481 293 546 Sl.
319 481 394 544 Non
413 481 493 544 mihi
509 480 642 564 quidem
659 481 789 557 hercle;
811 501 935 556 verum,
953 482 979 545 si
996 481 1108 560 debes
1123 482 1214 548 cedo.

239 595 339 658 Fides
356 596 517 658 servanda
532 605 591 658 est.
638 594 691 657 Ne
708 594 754 657 ire
770 594 891 658 infitias
908 594 1062 676 postules.
1139 652 1142 658 .

243 709 273 769 T
271 708 313 770 H.
342 706 491 771 Profecto
508 728 573 770 non
589 708 719 788 negabo
734 707 862 780 debere,
879 718 912 770 et
935 708 1028 772 dabo.
1255 719 1291 775 30

239 819 291 882 Tu
308 840 396 896 cave,
413 820 631 903 quadraginta
646 819 812 901 accepisse
828 821 906 882 hinc
923 841 964 884 ne
980 841 1091 902 neges.

239 933 292 996 sl.
318 933 450 1014 Quaeso
466 931 591 1015 edepol,
610 918 892 1024 hucme'aspeeta
906 943 940 996 et
956 934 1118 1015 responde
1134 931 1223 998 mihi.

237 1043 286 1108 Te
303 1045 384 1108 velle
401 1065 534 1108 uxorem
550 1046 658 1108 aiebat
670 1051 731 1108 'tuo
747 1057 848 1126 gnato
864 1047 962 1111 dare:

239 1157 318 1221 Ideo
335 1158 507 1221 aedificare
523 1158 575 1220 hic
592 1158 673 1221 velle
691 1158 799 1222 aiebat
815 1152 848 1222 in
866 1158 940 1222 tuis

242 1270 313 1334 TH.
341 1271 405 1334 Hic
422 1270 594 1334 aedificare
609 1271 722 1334 volui?
770 1271 822 1335 SI.
848 1271 904 1334 Sic
921 1270 1003 1335 dixit
1020 1270 1108 1335 mihi.
1257 1283 1291 1336 35

243 1383 273 1445 T
270 1383 316 1447 H.
344 1383 410 1445 Hei
427 1383 517 1458 mihi,
533 1383 685 1465 disperii!
709 1384 799 1447 vocis
817 1405 883 1446 non
900 1384 1005 1448 habeo
1021 1384 1121 1448 satis!

236 1494 356 1571 Vicini,
373 1496 465 1577 perii,
481 1495 606 1560 inte-rii!
655 1497 709 1561 SI.
735 1495 906 1581 Numquid
926 1496 1073 1562 Tranio

238 1608 425 1672 Turbavit?
475 1607 507 1670 Τ
502 1608 546 1672 H.
573 1608 644 1672 Imo
661 1609 844 1673 exturbavit
862 1609 980 1674 omnia.

239 1721 288 1785 Te
304 1721 490 1784 ludificatus
507 1733 558 1785 est
574 1733 608 1785 et
623 1742 676 1786 nre
692 1722 789 1785 hodie
806 1721 951 1804 indignis
968 1721 1081 1786 modis.

239 1834 293 1898 SI.
326 1834 415 1915 Quid
448 1845 483 1896 tu
515 1834 587 1897 ais?
652 1834 722 1899 YH.
750 1834 844 1898 Haec
875 1855 927 1898 res
958 1835 1005 1898 sic
1035 1847 1095 1910 est,
1126 1844 1162 1898 ut
1194 1853 1294 1898 narro

369 1947 444 2010 tibi:
837 2008 839 2012 ,
1251 1955 1295 2008 ’40

238 2059 476 2123 Deludificatus
492 2070 543 2124 est
560 2080 612 2122 me
630 2059 726 2123 hodie
742 2059 774 2123 in
793 2071 986 2142 perpetuom
1006 2059 1148 2123 modum.

238 2173 337 2236 Nunc
354 2188 386 2236 te
402 2194 549 2255 opsecr0,
565 2186 602 2236 ut
618 2192 671 2236 me
688 2174 773 2237 bene
789 2174 890 2248 iuves,
907 2193 1105 2255 operamque
1121 2174 1187 2235 des

238 2287 291 2351 SI.
317 2285 405 2368 Quid
430 2285 503 2350 vis?
556 2285 626 2349 ΤΗ.
652 2286 826 2349 I-mecurn
857 2285 944 2370 [hac]
971 2306 1108 2367 opsecro
1136 2284 1196 2367 [te]
1226 2305 1297 2348 una

332 2428 334 2432 ¹
367 2398 472 2462 simul.
926 2432 928 2438 ·

239 2512 292 2576 SI.
318 2512 400 2575 Fiat.
453 2511 523 2576 TH.
550 2510 792 2594 Servorumque
809 2531 942 2593 operam
960 2523 992 2574 et
1010 2510 1078 2574 lora
1094 2509 1174 2573 mihi
1191 2509 1282 2574 cedo.

239 2626 292 2689 sl.
334 2625 444 2688 Sume.
510 2623 580 2688 ΤΗ.
621 2625 814 2707 Eisdemque
844 2630 945 2705 operi
976 2623 1056 2687 haec
1088 2623 1147 2686 tibi
1179 2643 1296 2685 narra-

367 2759 454 2813 vero,
1255 2746 1295 2803 45

239 2849 323 2933 Quis
340 2871 393 2913 me
410 2849 569 2932 exemplis
586 2849 682 2914 hodie
698 2849 906 2915 eludificatus
925 2847 1013 2933 [est].
