2810 4062
473 312 589 364 servs
616 313 649 365 v.
701 312 822 364 senus
849 273 901 366 1⁴11.
1164 296 1209 364 61

164 488 229 556 CA.
255 489 336 556 Sine
359 489 513 554 medum
537 489 622 556 istuc
645 489 797 555 iudicare
845 490 971 573 Surge:
993 509 1055 572 ego
1077 487 1133 556 isti
1159 490 1215 554 ad·

294 602 419 667 sedero.

166 715 239 779 TH.
266 715 429 778 Maxume.
475 713 631 797 Accipito
654 715 739 779 hanc
762 716 803 779 ad
821 726 852 779 te
868 714 968 778 litem.
1019 714 1086 780 TR.
1112 714 1228 778 Enim

293 827 368 892 istic
383 827 492 910 captio
508 839 571 890 est.
761 907 764 912 ,
1152 903 1154 906 Ι

160 940 238 1017 Fac,
268 961 331 1023 ego
368 961 410 1004 ne
447 951 604 1017 metuam,
635 939 757 1023 figitur,
787 938 835 1023 et]
873 951 910 1005 tu
946 960 1053 1004 meam
1095 940 1212 1004 timeas

292 1053 404 1116 vicem.

165 1165 196 1226 T
194 1165 238 1227 H.
264 1165 334 1229 Iam
373 1165 506 1229 minoris
545 1163 671 1248 [omnia
706 1163 816 1248 fa]cio,
841 1184 920 1247 prae
953 1184 1052 1249 quarn
1090 1165 1210 1248 quibus

289 1277 395 1342 modis
712 1353 714 1358 ,
1074 1341 1077 1350 ,
1177 1305 1210 1361 25

160 1390 217 1454 Me
240 1390 427 1454 ludificatus
450 1403 508 1455 est.
559 1390 591 1453 Τ
587 1391 627 1455 R.
654 1391 744 1454 Bene
761 1389 869 1454 hercle
887 1388 1022 1465 factum,
1037 1399 1071 1454 et
1086 1388 1209 1454 sactum

289 1505 425 1586 gaudeo.

161 1615 285 1696 Sapere
301 1617 382 1680 istac
399 1627 507 1680 aetate
523 1626 661 1698 oportet,
678 1615 734 1699 qui
751 1626 827 1679 sunt
843 1614 950 1697 capite
966 1615 1114 1679 candido.

163 1728 234 1792 ΤΗ.
263 1729 352 1812 Quid
368 1749 430 1812 ego
447 1750 535 1793 nunc
551 1727 677 1805 faciam,
695 1729 724 1791 si
738 1728 865 1791 aniicus
881 1727 1049 1810 Demipho
1064 1738 1121 1792 aut
1138 1727 1210 1792 Phi-

286 1841 467 1906 lonides-

161 1953 192 2014 T
187 1954 229 2017 R.
254 1953 367 2018 Dicito
383 1954 431 2032 iis,
448 1975 513 2038 quo
528 1964 626 2036 pacto
643 1964 719 2017 tuus
736 1964 769 2018 te
784 1973 897 2018 servos
911 1952 1150 2018 ludificaverit:
1201 1971 1202 1974 ’

156 2065 321 2147 Optumas
337 2065 565 2145 frustrationes
581 2067 710 2132 dederis
726 2066 759 2129 in
776 2066 961 2130 comoediis.
1173 2095 1210 2148 30

157 2176 222 2242 CA.
261 2179 351 2243 Tace
381 2200 576 2262 parumper:
606 2179 676 2243 sine
700 2179 845 2244 vicissim
873 2199 926 2254 me
956 2177 1208 2261 loqui—Aus-

285 2293 381 2356 culta.
433 2292 505 2357 TH.
532 2293 636 2357 Licet.

158 2401 223 2467 CA.
265 2404 424 2468 Omnium
457 2404 600 2488 primum
636 2404 783 2470 sodalem
813 2423 866 2468 me
897 2423 972 2468 esse
1006 2402 1071 2466 scis
1105 2413 1207 2486 gnato

287 2526 353 2582 tu0.

157 2628 190 2694 ls
216 2629 298 2694 adiit
325 2651 397 2694 me:
431 2650 507 2695 nam
533 2630 624 2694 illum
649 2629 778 2714 prodire
806 2629 908 2711 pudet
932 2628 966 2692 in
993 2638 1224 2710 conspectum,

288 2754 382 2806 tuum

156 2854 293 2938 Propter
308 2875 348 2920 ea
363 2875 447 2940 quae
462 2853 550 2932 lecit,
566 2877 667 2940 quom
685 2868 719 2920 te
734 2855 819 2920 scire
836 2855 903 2918 scit.
952 2855 1051 2918 Nunc
1067 2864 1100 2917 te
1116 2874 1208 2937 opsc-

287 2989 351 3044 cro,

157 3078 325 3144 Stultitiae
338 3080 645 3165 adulescentiaeque
661 3080 731 3145 eius
746 3080 906 3162 ignoscas.
955 3079 1048 3144 Tuus
1063 3090 1114 3144 est
1129 3099 1137 3156 ;
1172 3089 1206 3144 35

155 3191 239 3267 Scis,
259 3193 364 3256 solere
380 3193 478 3258 illanc
494 3204 637 3259 aetatem
654 3193 803 3264 taliludo
819 3193 952 3268 ludere3
1043 3225 1046 3228 ·

154 3303 324 3388 Quidquid
339 3304 425 3381 fecit,
442 3307 614 3371 nobiscum
630 3327 697 3370 una
711 3303 810 3383 lecit;
833 3327 893 3369 nos
909 3299 1126 3387 deliquimus:

155 3418 298 3493 Faenus,
315 3430 446 3495 sortem,
462 3431 697 3504 sumptumque
713 3439 854 3494 omnem,
869 3417 926 3502 qui
942 3417 1048 3482 amica
1065 3415 1204 3502 [empta]

284 3540 343 3608 est,
359 3531 471 3595 omnia
