2810 4062
186 293 237 362 60
506 305 638 356 Pinum
664 303 935 357 nosrnmnnm.

189 487 332 570 Quoque
348 484 445 547 modo
461 481 626 546 hominem
640 480 901 564 ad[venientem]
919 501 1031 546 servos
1049 481 1235 548 ludificatus

317 597 379 673 sit;

185 712 255 787 Ait,
272 731 306 774 se
323 721 469 772 metuere
485 707 519 770 in
533 706 766 790 ,conspe[ctum
784 705 886 790 illius]
905 707 1069 772 occedere.

188 825 288 888 Nunc
304 843 366 905 ego
382 821 422 884 de
440 820 614 885 sodalitate
630 820 720 883 solus
737 840 808 883 sum
826 831 936 883 orator
951 821 1056 897 datae,
1222 849 1236 904 ς

189 937 255 1020 Qui
272 957 291 1000 a
307 945 400 1017 patre
425 933 495 997 eius
519 931 728 998 conciliarem
752 953 876 1014 pacem.
922 933 1037 1016 Atque
1053 951 1168 996 eccum
1184 953 1239 1014 op-

317 1059 416 1112 turne.

187 1164 290 1227 Iubeo
307 1173 340 1226 te
357 1160 490 1235 salvere,
507 1169 549 1234 et,
567 1158 674 1223 salvos
692 1179 791 1241 quom
807 1157 952 1235 advenis,
970 1157 1207 1240 Theuropides,

187 1277 337 1359 Peregre,
353 1274 489 1356 gaudeo.
538 1271 605 1335 Hic
621 1273 706 1354 apud
725 1291 785 1334 nos
801 1270 898 1334 hodie
914 1290 1019 1335 cenes.
1069 1271 1127 1335 Sic
1141 1268 1220 1334 face.

193 1391 223 1453 T
218 1390 263 1453 H.
288 1387 512 1458 Callidamate,
528 1383 561 1447 di
578 1395 611 1447 te
626 1395 747 1448 ament.
795 1385 847 1447 De
862 1403 946 1447 cena
961 1381 1045 1447 facio
1061 1383 1209 1466 gratiam.

189 1502 255 1567 CA.
282 1501 373 1584 Quin
399 1499 515 1561 venis?
568 1497 635 1560 TR.
669 1497 844 1560 Promitte:
876 1516 940 1578 ego
969 1497 1024 1560 ibo
1054 1516 1114 1579 pro
1144 1507 1187 1572 te,
1212 1495 1240 1558 si

318 1613 377 1676 tibi
394 1632 458 1674 non
476 1611 574 1674 lubet.
1209 1620 1240 1658 ro

193 1726 263 1791 TH.
289 1725 447 1799 Verbero,
458 1723 557 1787 etiarn
574 1721 720 1785 inrides?
772 1721 803 1784 T
797 1722 839 1785 R.
866 1717 985 1804 Quian'
1000 1741 1052 1785 me
1068 1739 1128 1804 pro
1144 1731 1178 1786 te
1193 1717 1240 1785 ire

318 1839 359 1902 ad
376 1856 491 1900 cenam
509 1835 668 1899 autumo?

194 1952 225 2014 T
221 1952 266 2016 H.
291 1950 368 2015 Non
386 1949 473 2014 enim
490 1947 573 2012 ibis:
597 1967 659 2030 ego
675 1945 777 2010 ferare
792 1945 874 2021 faxo,
893 1957 929 2010 ut
945 1947 1101 2024 meruisti,
1118 1945 1152 2011 in
1168 1966 1241 2011 cru-

319 2084 401 2127 cem.
1176 2050 1180 2056 ⁵

191 2175 256 2243 CA.
281 2176 367 2258 Age,
390 2175 485 2240 mitte
509 2173 581 2248 ista,
598 2193 637 2237 ac
652 2173 699 2237 ito
715 2173 755 2236 ad
773 2193 824 2236 me
840 2173 880 2235 ad
905 2192 1030 2238 cenam.
1082 2173 1113 2236 T
1108 2174 1150 2238 R.
1176 2173 1241 2236 Dic

235 2347 238 2350 .
320 2298 515 2363 venturum;
539 2287 617 2370 quid
633 2285 749 2349 taces?

74 2416 77 2428 ·
191 2402 258 2467 CA.
284 2401 351 2466 Sed
368 2412 404 2464 tn
421 2400 505 2464 istuc
522 2399 599 2484 quid
616 2395 795 2480 confugisti
812 2398 845 2461 in
858 2417 947 2461 aram
964 2397 1233 2462 inscitissumus?

196 2516 263 2578 TR.
298 2513 490 2577 Adveniens
520 2511 696 2594 perterruit
727 2511 1006 2594 me—Loquere
1037 2531 1135 2588 nunc,
1162 2510 1242 2593 quid

320 2625 461 2690 fecerim.
1211 2632 1241 2690 Ι5

192 2740 291 2803 Nunc
308 2739 455 2820 utrisque
471 2737 682 2818 disceptator,
698 2756 823 2811 eccum,
840 2736 953 2799 adest:
976 2755 1047 2817 age,
1064 2735 1204 2818 disputa.

198 2853 227 2914 T
224 2852 268 2916 H.
288 2851 406 2914 Filium
422 2849 608 2931 corrupisse
618 2848 670 2912 aio
680 2859 713 2913 te
726 2868 843 2912 meum.
874 2849 904 2910 J
901 2849 942 2912 R.
960 2848 1124 2912 Ausculta
1135 2849 1241 2912 modo.

193 2967 314 3029 Fateor
329 2963 515 3046 peccavisse
531 2983 538 3038 ;
562 2962 699 3026 amicam
716 2960 873 3024 liberasse
889 2982 896 3037 ;
920 2973 1055 3043 apsente
1072 2972 1105 3024 te

194 3077 334 3141 Faenori
357 3085 528 3157 argentum
553 3074 753 3157 sumpsisse;
777 3072 809 3135 id
826 3093 898 3136 esse
921 3085 1132 3156 apsumptum
1156 3091 1246 3156 prae·

323 3189 405 3252 dico.

196 3302 367 3384 Numquid
380 3300 467 3363 aliud
477 3297 562 3375 fecit,
574 3289 637 3363 nisi
650 3300 738 3382 quod
750 3298 886 3362 summis
896 3297 987 3380 gnati
1000 3299 1177 3381 generibus
1189 3299 1200 3360 ?
1211 3327 1246 3366 20

200 3415 271 3478 TH.
297 3414 418 3477 Hercle
445 3411 525 3475 mihi
552 3423 662 3476 tecum
689 3412 873 3476 cavendum
899 3422 971 3475 est:
1003 3412 1101 3476 nimis
1126 3411 1183 3496 qui
1209 3431 1246 3476 es

325 3536 434 3590 orator
449 3535 549 3588 catus.
