2810 4062
463 277 579 327 ACTVS
603 277 656 326 111.
710 275 830 328 SCENA
852 278 888 328 11.
1147 277 1194 348 43

139 456 254 539 Atque
270 454 371 518 etiam
389 475 477 518 nunc
493 454 572 518 satis
588 455 666 519 boui
682 465 770 528 sunt,
787 455 814 516 si
830 465 907 518 sunt
923 454 1050 520 inducti
1066 454 1146 538 pice.

140 569 217 661 Non
234 567 321 630 enim
339 568 419 631 haec
435 567 648 649 pultiphagus
666 563 776 649 opifex
791 587 891 648 opera
905 565 983 632 fecit
1000 568 1174 656 barbarus,

140 679 259 744 Viden'
299 690 496 760 coagmenta
534 680 567 741 in
601 675 748 742 foribus?
813 678 884 744 TH.
944 680 1060 745 Video,
1127 681 1194 744 TR.

271 789 401 870 Specta,
418 809 515 870 quarn
532 798 602 852 arte
619 789 795 852 dormiunt.
1149 803 1196 854 ¹40

145 903 215 966 TH.
241 901 452 966 Dormiunt?
497 901 565 966 TR.
599 902 684 964 Illud
708 902 850 984 quidem,
870 913 907 966 ut
929 903 1091 978 conivent,
1108 904 1195 967 volui

268 1017 389 1078 dicere.

137 1128 240 1192 Satin'
272 1128 397 1192 habes?
464 1127 495 1189 Τ
491 1127 535 1191 H.
574 1126 621 1190 Vt
651 1127 804 1210 quicquid
840 1128 946 1209 magis
977 1128 1191 1210 contemplor,

269 1253 362 1305 tanto
378 1240 483 1323 magis
500 1239 619 1322 placet.

143 1354 173 1416 T
168 1356 209 1418 R.
235 1354 355 1418 Viden'
372 1354 506 1437 pictum,
524 1353 580 1417 ubi
602 1353 791 1416 ludificatur
813 1353 927 1418 cornix
948 1374 1014 1418 una
1037 1354 1194 1418 volturios

267 1467 378 1530 duos?
556 1533 558 1537 .

140 1579 171 1641 Τ
167 1579 209 1640 H.
236 1579 313 1643 Non
337 1578 452 1661 edepol
475 1577 580 1642 video.
634 1577 702 1641 TR.
729 1575 779 1640 At
795 1598 858 1660 ego
874 1577 970 1641 video
988 1576 1075 1660 [earn
1091 1576 1210 1661 inter}

266 1691 425 1754 volturios
440 1691 523 1752 duos
537 1711 544 1766 ;

135 1802 259 1866 Cornix
274 1811 381 1876 astat;
406 1821 445 1878 ea
460 1801 619 1865 volturios
635 1801 719 1863 duos
735 1799 879 1862 vicissim
895 1799 1034 1864 vellicat.
1145 1811 1192 1866 Ι45

134 1914 277 1998 Quaeso,
294 1915 358 1978 huc
379 1913 420 1976 ad
442 1934 494 1975 me
518 1923 638 1995 specta,
655 1911 820 1976 cornicem
845 1922 882 1976 ut
907 1911 1099 1994 conspicere
1119 1933 1193 1996 pos-

267 2026 342 2090 sies.

136 2140 206 2203 Iam
223 2139 337 2202 vides?
389 2138 462 2202 ΤΗ.
498 2135 647 2201 Profecto
673 2136 795 2201 nullam
825 2137 976 2221 equidem
999 2137 1065 2202 illic
1088 2139 1194 2203 corni·

265 2270 337 2313 cem
354 2249 472 2312 intuor.

141 2362 208 2426 TR.
233 2361 282 2424 At
315 2371 351 2425 tu
385 2361 447 2425 isto
482 2362 523 2424 ad
557 2382 616 2426 vos
652 2373 797 2444 optuere,
832 2361 987 2445 quoniam
1026 2363 1190 2427 cornicem

265 2474 381 2557 nequis
571 2482 573 2486 ’

136 2587 336 2669 Conspicari,
354 2587 382 2649 si
398 2587 555 2652 volturios
572 2585 656 2652 forte
674 2587 781 2670 possis
796 2587 917 2651 contui.

138 2701 205 2764 lam
221 2699 336 2763 vides?
387 2699 418 2761 T
415 2699 459 2763 H.
493 2677 570 2764 Non
594 2701 709 2782 edepol
732 2701 836 2764 video'.
890 2699 956 2764 TR.
981 2699 1030 2763 At
1046 2721 1108 2782 ego
1122 2700 1190 2765 vol-

265 2809 367 2876 turios
383 2813 475 2878 duos.
1141 2825 1190 2878 ¹50

141 2926 210 2990 TH.
235 2925 392 3001 Omnino,
409 2939 444 2990 ut
470 2939 502 2991 te
528 2925 705 3009 apsolvam,
721 2926 845 2989 nullam
870 2925 994 3006 pictam
1022 2926 1188 3007 conspicio

265 3037 318 3101 hic
334 3059 436 3104 avem.

141 3151 206 3214 TR.
231 3151 316 3234 Age,
344 3153 407 3216 iam
437 3127 542 3215 mitto.
599 3152 758 3234 Ignosco:
795 3159 903 3212 aetate
934 3170 1000 3212 non
1032 3151 1105 3233 quis
1132 3171 1188 3233 op-

266 3266 395 3330 tuerier.

141 3381 170 3443 Τ
166 3375 210 3445 Η.
237 3381 340 3455 Haec,
357 3379 441 3462 quae
465 3397 606 3460 possum,
623 3395 662 3438 ea
676 3373 757 3438 mihi
780 3372 926 3456 profecto
949 3385 1068 3438 cuncta
1090 3375 1187 3438 vehe-

221 3515 223 3520 ·
265 3504 393 3557 menter
408 3492 547 3572 placent.
