2810 4062
209 270 255 322 10
518 227 651 317 PLAVTI
678 266 947 319 Mosrrmham.

206 443 268 512 SC.
295 444 385 527 Quid
410 454 447 507 tu
470 453 503 508 te
529 463 677 518 exornas,
701 443 846 508 moribus
870 443 989 526 lepidis
1019 464 1118 527 quom
1149 446 1259 530 lepida

335 567 406 620 tute
422 557 483 620 es?

204 669 280 733 Non
313 679 439 732 vestem
469 678 632 732 amatores
662 677 775 731 amant
805 667 951 732 mulieris
978 669 1037 732 sed
1063 669 1164 734 vestis
1195 668 1258 734 far-

334 791 413 844 tum.

202 891 395 956 PHILOL.
423 891 475 955 Ita
496 913 549 955 me
573 891 607 955 di
629 901 749 968 ament,
773 891 883 974 lepida
905 903 956 956 est
989 892 1140 976 Scapha:
1170 893 1257 977 sapit

334 1003 473 1068 scelesta
488 1005 637 1068 multum.

202 1114 249 1180 Vt
265 1115 373 1198 lepide
389 1136 440 1180 res
455 1137 572 1180 omnes
589 1126 689 1192 tenet,
706 1117 958 1200 sententiasque
974 1127 1141 1180 amantum
1158 1118 1165 1180 l
1225 1147 1255 1201 15

202 1227 407 1293 PHILEM.
443 1227 533 1310 Quid
555 1229 668 1291 nunc?
715 1226 780 1292 SC.
815 1228 904 1310 Quid
928 1230 1005 1292 est?
1049 1229 1254 1293 PHILEM.

333 1338 424 1421 Quin
440 1359 492 1402 me
508 1339 619 1420 aspice
635 1349 668 1402 et
684 1340 881 1422 contempla,
898 1353 934 1404 ut
951 1341 1032 1404 haec
1048 1361 1101 1404 me
1117 1342 1243 1404 deceat.

204 1449 266 1516 Sc.
298 1450 433 1515 Virtute
455 1447 586 1514 ¹formae
616 1451 650 1514 id
681 1451 800 1526 evenit,
828 1461 859 1515 te
885 1463 921 1515 ut
948 1453 1073 1527 deceat,
1096 1451 1255 1535 quidquid

332 1562 464 1626 habeas

201 1674 393 1741 PHILOL.
419 1676 511 1757 Ergo
534 1676 596 1738 hoc
612 1676 655 1739 ob
669 1677 806 1739 verbum
829 1686 873 1752 te,
891 1676 1031 1758 Scapha,
1047 1677 1176 1740 donabo
1192 1695 1255 1760 ego

332 1787 430 1850 hodie
446 1786 558 1870 aliqui,

203 1899 322 1982 Neque
338 1899 451 1980 patiar,
468 1909 501 1962 te
518 1898 625 1963 istanc
640 1899 755 1980 gratiis
771 1899 931 1975 laudasse,
947 1920 1031 1983 quae
1047 1900 1155 1982 placet
1171 1899 1225 1965 mi.

200 2010 404 2075 PHILEM.
428 2010 514 2075 Nolo
537 2029 608 2093 eg0,
624 2021 658 2076 te
681 2012 847 2076 adsentari
870 2012 959 2077 mihi.
1006 2011 1068 2078 SC.
1093 2013 1202 2076 Nimis
1218 2023 1254 2077 tu

248 2183 250 2188 .
331 2121 466 2205 quidem
482 2123 584 2187 stulta
599 2144 635 2186 es
651 2123 774 2189 mulier.
1220 2137 1256 2178 20

202 2233 278 2298 Eho
293 2234 398 2298 mavis
414 2235 630 2318 vituperarier
644 2232 737 2311 salso,
753 2257 851 2319 quam
867 2257 945 2303 vero
961 2236 1095 2300 extolli?

201 2346 365 2429 Equidem
382 2346 438 2429 pol
452 2347 504 2411 vel
519 2345 603 2410 falso
619 2359 730 2410 tamen
746 2348 871 2412 laudari
888 2350 991 2412 multo
1007 2350 1102 2425 malo,
1171 2419 1172 2422 ,

202 2459 312 2543 Quam
328 2481 406 2524 vero
421 2461 545 2542 culpari
563 2472 619 2524 aut
636 2479 742 2523 meam
760 2461 903 2543 speciem
920 2461 1001 2525 alios
1018 2462 1166 2526 inridere.

200 2573 408 2637 PHILEM.
433 2574 508 2655 Ego
523 2593 634 2636 verum
652 2593 725 2637 amo
740 2594 748 2651 ;
765 2594 877 2638 verum
889 2573 964 2638 volo
976 2561 1044 2638 ilici
1060 2575 1151 2652 mihi,
1164 2595 1255 2638 men-

331 2685 446 2749 dacem
463 2685 527 2748 odi.

203 2797 264 2864 SC.
290 2797 343 2862 Ita
358 2808 395 2861 tu
410 2818 464 2861 me
480 2817 579 2874 ames,
596 2797 641 2860 ita
665 2797 869 2862 Philolaches
892 2809 969 2862 tuus
986 2808 1018 2862 te
1029 2809 1131 2877 amet,
1148 2810 1185 2863 ut
1201 2820 1254 2863 ve-

332 2919 428 2973 nusta
444 2929 489 2973 es.
1220 2923 1253 2976 ²5

200 3019 392 3086 PHILOL.
420 3020 509 3104 Quid
533 3020 590 3097 ais,
611 3020 774 3085 scelesta?
798 3021 962 3104 quomodo
984 3021 1164 3086 adiurasti?
1188 3023 1255 3086 ‘ita

330 3153 394 3215 ego
409 3110 505 3197 istam
523 3131 684 3197 amarem'
700 3134 712 3196 ?

201 3243 315 3327 Quid?
339 3245 462 3308 ‘istaec
478 3242 547 3308 me'
561 3245 594 3309 id
606 3265 665 3309 cur
680 3265 747 3310 non
764 3244 910 3310 additum
925 3246 1001 3309 est?
1026 3243 1152 3311 Infecta
1167 3248 1254 3311 dona

331 3355 424 3422 facio.

202 3467 352 3558 Periisti:
375 3470 461 3552 quod
478 3470 691 3552 promiseram
709 3469 769 3533 tibi
784 3470 879 3545 dono,
895 3470 1074 3553 perdidisti
