2810 4062
170 311 221 381 40
240 379 241 382 Ἴ
473 275 604 362 Pinvrr
632 308 900 361 nosrnnnnnm.

174 486 280 570 Quasi
296 487 463 570 flagitator
479 495 565 551 astat
582 505 685 569 usque
701 487 743 563 ad
759 485 881 549 ostium
896 507 904 563 ;

174 599 247 663 Nec
264 599 344 662 mihi
372 600 488 662 umbra
504 618 639 682 usquam
668 609 730 673 est,
747 597 810 661 nisi
827 599 855 662 si
871 596 905 662 in
924 610 1024 682 puteo
1049 599 1223 682 quaepiam

302 722 360 780 est.
1188 708 1223 760 80

178 823 251 886 TR.
283 822 396 905 Quid?
442 822 620 888 Sarsinatis
643 841 746 904 ecqua
761 831 820 896 est,
851 821 878 884 si
902 819 1059 887 Vmbram
1085 843 1152 886 non
1168 823 1225 885 ha·

304 935 386 998 bes?

175 1047 231 1112 SI.
264 1047 426 1110 Molestus
442 1068 483 1111 ne
500 1046 553 1112 sis,
603 1047 696 1109 Haec
713 1057 791 1110 sunt
808 1046 894 1109 sicut
910 1044 1071 1127 praedico.

179 1159 210 1222 T
206 1161 247 1223 R.
279 1160 439 1223 Attamen
458 1158 619 1240 inspicere
636 1139 730 1224 volt..
764 1157 818 1220 SI.
852 1157 1019 1238 Inspiciat‚
1036 1157 1064 1220 si
1080 1157 1179 1222 lubet.

175 1271 211 1335 Si
227 1271 305 1354 quid
322 1271 393 1346 erit,
409 1271 496 1354 quod
513 1270 558 1332 illi
574 1269 711 1352 placeat,
727 1270 769 1332 de
784 1269 935 1351 exemplo
952 1290 1026 1332 meo

175 1381 251 1463 Ipse
267 1381 448 1445 aedificato.
501 1381 571 1446 ΤΚ.
605 1379 714 1444 Eon’?
737 1400 819 1444 voco
844 1380 908 1443 huc
932 1380 1125 1444 hominem?
1172 1382 1225 1446 SI

306 1492 359 1575 [1,]
377 1512 469 1556 voca.
639 1555 640 1558 ,
748 1475 750 1478 ’
1192 1491 1225 1558 85

180 1604 248 1670 YR.
280 1604 506 1667 Alexandrum
545 1623 702 1686 magnum
740 1615 839 1687 atque
871 1603 1093 1693 Agathoclem
1130 1605 1227 1670 aiunt

306 1693 474 1779 maxumas
1051 1694 1052 1698 Ἰ

176 1830 253 1893 Duo
269 1849 320 1893 res
335 1829 498 1910 gessisse:
521 1826 600 1911 quid
617 1827 697 1890 mihi
712 1827 769 1891 fiet
786 1827 893 1904 tertio,
988 1835 991 1838 ’

178 1941 245 2024 Qui
262 1942 350 2004 solus
367 1938 450 2004 facio
466 1937 612 2003 facinora
627 1939 839 2002 inmortalia?

177 2054 281 2117 Vehit
296 2054 349 2117 hic
366 2052 511 2126 clitellas,
527 2051 618 2115 vehit
634 2050 687 2114 hic
703 2062 814 2114 autem
831 2051 914 2116 alter
929 2042 1045 2114 senexss

178 2155 353 2229 Novitium'
365 2146 633 2246 mihi‘quaestum
650 2162 780 2226 institui
797 2183 864 2225 non
881 2163 1026 2227 malum·
1194 2177 1229 2232 90

178 2278 264 2340 Nam
282 2278 443 2339 muliones
459 2276 565 2339 mulos
581 2274 768 2338 clitellarios

180 2389 315 2452 Habent
330 2410 337 2464 ;
360 2409 423 2470 ego
439 2388 545 2451 habeo
561 2387 711 2450 homines
727 2386 923 2451 clitellarios.

179 2500 295 2582 Magni
311 2512 387 2563 sunt
404 2499 513 2562 oneris
528 2520 535 2577 ;
559 2499 717 2582 quidquid
733 2499 882 2580 inponas
898 2497 1032 2561 vehunt.

181 2613 280 2676 Nunc
296 2613 384 2675 hunc
400 2612 488 2674 haud
504 2612 572 2675 scio
588 2632 631 2674 an
647 2611 833 2693 conloquar.
881 2609 1093 2692 Congrediar.

181 2724 285 2800 Heus,
318 2722 565 2804 Theuropides!
630 2707 705 2786 THL
743 2722 841 2797 Hem,
880 2721 952 2805 quis
991 2722 1043 2785 hic
1082 2722 1232 2788 nominat

310 2835 387 2897 me?
1196 2847 1231 2904 95

76 2951 78 2956 ·
185 2945 252 3009 nr.
279 2926 370 3008 nero
387 2964 497 3008 servos
520 2944 722 3008 multimodis
739 2965 798 3008 suo
814 2945 907 3008 suus.
959 2944 1029 3008 ΤΗ.
1053 2946 1231 3023 unceis?

185 3055 254 3119 TR.
280 3055 378 3137 Quod
395 3077 446 3118 me
463 3055 608 3130 miseras,
626 3054 736 3120 adfero
753 3077 850 3119 omne
867 3055 1090 3139 impetratum.

186 3167 216 3228 Τ
212 3167 256 3229 H.
282 3166 370 3248 Quid
388 3167 461 3241 illic,
477 3188 622 3248 opsecr0,
639 3178 705 3230 tam
723 3169 780 3230 diu
797 3168 970 3231 restitisti?

186 3279 217 3342 Τ
212 3279 255 3341 R.
282 3277 361 3342 Seni
379 3299 443 3341 non
460 3289 529 3342 erat
543 3280 670 3342 otium:
693 3279 726 3340 id
742 3300 815 3342 sum
833 3279 1011 3362 opperitus.

187 3389 217 3451 T
212 3389 256 3453 H.
282 3390 464 3472 Antiquom
481 3390 612 3471 optines
629 3390 691 3453 hoc
707 3400 810 3465 tuum,
828 3392 940 3453 tardus
956 3403 993 3455 ut
1009 3392 1062 3457 sis.
1183 3408 1233 3447 100

187 3499 218 3561 T
213 3500 258 3564 R.
285 3499 379 3562 Heus
395 3511 438 3576 tu,
455 3501 483 3564 si
500 3501 589 3564 voles
605 3501 739 3563 verbum
757 3502 819 3563 hoc
836 3501 991 3583 cogitare,
