2810 4062
193 293 239 362 26
503 310 635 360 Pnnvn
662 310 933 365 nosrainnnrn.

193 487 287 552 Foris
303 483 478 551 ambulatis
494 508 501 564 ;
525 498 623 551 natus
640 508 738 552 nemo
755 490 787 553 in
811 490 949 554 aedibus

71 598 74 608 ⁴
192 601 318 677 Servat,
335 621 442 683 neque
458 601 514 683 qui
530 600 685 676 recludat,
702 622 809 684 neque
824 603 879 685 qui
897 603 1102 685 respondeat.

193 715 355 778 Puitando
371 735 455 795 pene
468 712 614 796 confregi
630 714 731 778 hasce
746 716 861 779 ambas
877 713 967 778 soris.

198 829 228 891 Τ
224 829 266 891 Κ.
293 827 366 891 Eho
382 846 425 889 an
441 836 477 889 tu
493 825 632 909 tetigisti
655 826 714 890 has
737 827 853 892 aedis?
905 827 935 891 Τ
931 827 976 892 H.
1002 828 1070 892 Cur
1091 848 1158 892 non
1174 835 1244 890 tan·

323 939 459 1021 gerem?

193 1051 284 1135 Quin
300 1051 467 1134 pultando,
485 1050 629 1135 inquam,
644 1071 730 1134 pene
745 1050 892 1134 confregi
908 1051 996 1117 ioris.
1210 1061 1242 1117 ²5

199 1166 267 1229 ΤΚ.
292 1163 505 1246 Tetigistin'?
550 1163 619 1228 TH.
646 1164 768 1245 Tetigi,
785 1165 928 1247 inquam,
945 1177 978 1229 et
995 1163 1128 1247 pultavi.
1173 1164 1242 1227 TR.

323 1276 418 1340 Vah!
470 1275 539 1340 TH.
567 1276 658 1360 Quid
673 1277 750 1340 est?

199 1389 267 1454 TR.
293 1389 381 1453 Male
394 1389 504 1453 hercle
519 1387 662 1452 factum!
714 1389 786 1454 TH.
812 1390 902 1476 Quid
917 1403 969 1456 est
985 1389 1122 1472 negoti?
1173 1387 1242 1452 TR.

325 1502 401 1566 Non
418 1511 529 1584 potest

195 1615 280 1692 Dici,
296 1635 394 1698 quam
411 1613 582 1695 indignum
599 1611 726 1678 facinus
742 1611 851 1680 fecisti
868 1627 900 1680 et
917 1616 1048 1680 malum.

200 1729 231 1790 T
227 1728 271 1792 H.
297 1727 387 1810 Quid
410 1727 500 1790 iam?
551 1727 582 1790 Τ
578 1728 619 1792 Κ.
646 1728 748 1810 Fuge,
764 1749 909 1812 opsecro,
925 1739 1024 1812 atque
1047 1727 1187 1810 apscede
1202 1726 1244 1790 ab

326 1840 471 1904 aedibus.

196 1953 291 2035 Fuge
307 1954 381 2029 huc,
397 1950 475 2035 iuge
490 1952 531 2015 ad
548 1972 601 2016 me
616 1953 751 2035 propius
765 1950 772 2013 i
833 1952 1020 2036 Tetigistin'
1037 1950 1145 2016 iores?
1212 1961 1246 2015 30

201 2065 272 2130 TH.
299 2065 475 2147 Quomodo
493 2065 621 2147 pultare
637 2065 738 2148 potui,
755 2066 781 2129 si
798 2087 862 2129 non
881 2066 1075 2149 tangerem?

201 2179 270 2244 TR.
296 2179 457 2243 Occidisti
479 2178 645 2242 hercle-
695 2179 765 2243 ΤΗ.
793 2179 901 2262 Quem
927 2177 1125 2244 mortalem?
1177 2174 1245 2240 ΤΚ.

328 2291 448 2356 Omnis
464 2303 547 2356 tuos.
741 2291 745 2298 ’

202 2403 273 2469 ΤΗ.
299 2404 344 2467 Di
360 2416 392 2469 te
408 2405 553 2487 deaeque
569 2402 677 2468 omnis
691 2400 794 2466 faxint
810 2424 885 2468 cum
902 2403 967 2468 isto
983 2402 1093 2468 omine
1104 2437 1147 2448 -

202 2518 270 2582 TR.
296 2518 421 2592 Metuo,
439 2529 470 2580 te
487 2527 586 2600 atque
602 2516 683 2581 istos
698 2517 829 2599 expiare
847 2528 883 2579 ut
899 2516 1032 2599 possies.

202 2632 233 2694 Τ
230 2630 274 2695 H.
299 2629 535 2713 Quamobrem,
558 2640 614 2694 aut
636 2649 735 2712 quam
760 2628 869 2692 subito
892 2649 961 2692 rem
985 2627 1065 2691 mihi
1093 2627 1248 2710 adportas

328 2743 472 2806 novam?
1215 2747 1247 2802 35

203 2856 234 2918 T
231 2857 272 2920 R.
298 2855 352 2931 Et,
368 2855 459 2929 heus,
475 2853 552 2918 iube
568 2853 639 2917 illos
655 2853 753 2929 illinc,
769 2853 895 2926 amabo,
912 2853 1096 2935 apscedere.

204 2969 275 3034 TH.
299 2968 492 3051 Apscedite.
544 2966 612 3030 TR.
637 2966 753 3030 Aedes
769 2986 812 3029 ne
828 2965 996 3047 attigatis!
1041 2962 1185 3046 Tangite

197 3082 268 3146 Vos
284 3101 414 3165 quoque
430 3092 550 3144 terram
564 3081 578 3172 ἔ1
615 3079 686 3144 ΤΗ.
712 3079 861 3161 Opsecro
877 3077 995 3152 hercle,
1008 3078 1086 3160 quin
1097 3077 1250 3158 eloquere

333 3192 436 3276 [iam].

205 3305 273 3370 TR.
299 3305 388 3388 Quia
415 3316 543 3387 septem
571 3325 702 3368 menses
730 3315 815 3378 sunt,
844 3322 943 3385 quom
974 3301 1007 3364 in
1036 3302 1136 3366 hasce
1161 3298 1251 3364 aedis

332 3418 449 3501 pedem

201 3531 311 3596 Nemo
327 3531 413 3596 intro
430 3531 549 3606 tetulit,
566 3530 665 3594 semel
683 3541 718 3593 ut
735 3528 976 3612 emigravimus.
1216 3535 1253 3585 40
