2810 4062
485 308 603 360 ACTVS
630 309 681 358 111.
733 308 853 359 SCENA
879 307 904 357 Ι.

172 487 348 564 Scelestus,
365 496 462 551 natus
477 486 528 549 dis
544 485 686 549 inimicis
702 484 863 547 omnibus.
894 569 896 573 Α

170 601 241 664 Iam
257 601 312 664 illo
328 611 502 681 praesente
517 598 629 662 adibit.
676 598 729 662 Ne
744 617 806 680 ego
823 597 922 659 homo
939 610 1012 658 sum
1029 593 1149 659 miser:

170 714 222 776 Ita
237 723 269 777 et
285 713 364 775 hinc
379 723 415 775 et·
427 712 517 776 illinc
534 712 578 775 mi
595 711 750 775 exhibent
766 709 946 792 negotium.

171 825 239 890 Sed
255 826 423 908 occupabo
439 825 537 888 adire.
568 823 644 888 DA.
672 824 738 886 Hic
755 822 796 886 ad
813 843 865 884 me
881 822 906 884 it
921 843 928 884 :
951 821 1058 884 salvos
1075 839 1167 882 sum:
1184 828 1216 884 35

170 939 255 1020 Spes
281 948 332 1001 est
359 938 401 1000 de
425 947 572 1020 argento,
633 937 701 1000 TR.
735 935 870 999 Hilarus
895 944 952 997 est.
1000 933 1138 996 Frustra
1168 943 1217 996 est

300 1051 407 1114 homo,

171 1165 305 1228 Salvere
320 1163 418 1226 iubeo
434 1173 475 1236 te,
493 1162 738 1244 Misargurides,
755 1160 848 1224 bene.

167 1277 243 1341 DA.
271 1276 368 1340 Salve
384 1285 419 1338 et
434 1287 480 1340 tu.
509 1312 512 1316 ·
528 1275 617 1357 Quid
634 1276 675 1338 de
691 1285 828 1356 argento
845 1272 922 1336 est?
973 1271 1004 1335 T
999 1272 1042 1335 R.
1066 1269 1145 1347 Abi,
1161 1269 1216 1346 sis,

297 1388 417 1452 belua!

168 1501 336 1566 Continuo
352 1500 530 1564 adveniens
542 1500 644 1583 pilum
662 1499 802 1563 iniecisti
820 1498 910 1562 mihi.

166 1615 242 1679 DA.
269 1614 336 1676 Hic
360 1615 459 1677 homo
482 1623 534 1677 est
558 1613 672 1676 inanis.
733 1612 802 1676 TR.
839 1608 903 1675 Hic
927 1613 1025 1675 homo
1050 1619 1140 1674 certe
1165 1620 1217 1675 est

298 1727 451 1790 hariolus.
1181 1735 1218 1787 4⁰

166 1840 241 1904 DA.
268 1839 357 1922 Quin
382 1851 418 1902 tu
441 1839 520 1902 istas
545 1838 649 1902 mittis
674 1838 796 1902 tricas?
849 1838 916 1902 TR.
944 1835 1043 1920 Quin,
1060 1837 1216 1920 quiduis,

299 1953 388 2016 cedo.

166 2066 242 2131 DA.
259 2065 327 2129 Vbi
343 2065 547 2129 Philolaches
564 2064 640 2127 est?
688 2063 719 2126 T
714 2065 755 2127 R.
774 2063 965 2146 Numquam
981 2061 1119 2145 potuisti
1135 2061 1216 2124 mihi

168 2179 275 2262 Magis
291 2188 496 2260 opportunus
513 2175 690 2259 adven[ire‚
707 2176 819 2260 quam]
837 2177 983 2240 advenis.

166 2292 242 2356 DA.
267 2291 357 2373 Quid
381 2290 457 2353 est?
510 2289 577 2354 TR.
603 2289 757 2353 Concede
780 2291 853 2354 huc.
902 2289 991 2372 [DA.
1018 2287 1109 2370 Quin
1134 2287 1215 2351 mihi

296 2414 471 2485 argentum
488 2402 676 2484 red]ditur?

172 2517 203 2580 T
198 2519 239 2583 R.
265 2516 343 2580 Scio
358 2527 391 2580 te
408 2517 494 2578 bona
510 2536 583 2578 esse
599 2535 699 2579 voce:
726 2514 782 2598 [ne
797 2516 902 2578 clama
919 2513 1039 2594 nimis]
1181 2524 1215 2578 45

166 2630 241 2693 DA.
278 2629 352 2710 Ego
382 2628 491 2691 hercle
518 2648 595 2691 vero
625 2629 739 2692 clamo.
800 2629 830 2691 T
827 2628 868 2690 R.
904 2627 971 2700 Ah,
988 2645 1067 2706 gere
1091 2645 1215 2688 morem

296 2741 388 2804 mihi.

166 2855 242 2920 DA.
270 2854 360 2937 Quid
378 2853 436 2917 tibi
453 2873 515 2936 ego
532 2873 655 2918 morem
673 2853 723 2917 vis
739 2852 874 2935 geram?
911 2851 942 2914 Τ
938 2851 977 2914 R.
996 2849 1073 2925 Abi,
1085 2870 1215 2933 quaeso,
1276 2855 1285 2868 ⁸

298 2967 375 3030 hinc
391 2967 535 3030 domum.

167 3079 243 3144 DA.
268 3079 422 3142 Abeam?
475 3079 506 3143 T
501 3081 545 3142 R.
573 3078 694 3142 Redito
710 3078 775 3141 huc
791 3077 920 3141 circiter
937 3075 1115 3139 meridiem.

166 3193 241 3257 DA.
267 3193 482 3256 Reddeturne
499 3192 601 3274 igitur
615 3189 755 3254 faenus?
807 3190 837 3252 Τ
834 3191 875 3255 R.
901 3189 1079 3252 Reddetur.
1126 3186 1204 3250 Abi.

166 3304 240 3370 DA.
266 3305 355 3389 Quid
380 3325 443 3387 ego
470 3305 535 3368 huc
560 3324 734 3379 recursem,
758 3314 816 3367 aut
840 3321 973 3385 operam
1001 3319 1129 3366 sumam
1159 3310 1216 3362 aut

179 3489 182 3498 ¹
297 3418 488 3482 conteram?
1183 3421 1216 3477 50

169 3530 258 3614 Quid
275 3531 302 3595 si
318 3526 372 3595 nic
388 3531 528 3594 manebo
544 3529 654 3613 potius
670 3530 712 3592 ad
728 3527 921 3592 meridiem?
