2810 4062
207 264 250 316 12
516 249 648 312 rinv'rr
675 259 945 314 Mosrnunnura

203 441 408 506 PHILEM.
435 438 547 504 Solam
564 437 611 502 illi
627 457 679 502 me
695 439 756 502 soli
772 457 891 502 censeo
907 457 979 502 esse
995 449 1147 522 oportere
1161 460 1255 524 opse-

335 564 502 637 quentem,

205 664 316 730 Solam
334 666 388 727 ille
405 685 457 727 me
473 653 533 726 soli
548 661 611 726 sibi
627 682 687 726 suo
704 663 868 746 [argento]
886 663 1044 728 liberavit.

204 775 400 840 PHILOL.
430 773 515 837 Proh
546 773 579 835 di
610 773 820 848 immortales
852 773 1020 837 mulierem
1052 773 1193 857 lepidam
1223 785 1257 839 et

335 887 454 969 pudico
471 885 625 968 ingenio!
1168 885 1169 888 ’

206 1001 296 1064 Bene
327 999 437 1063 hercle
462 995 597 1073 factum,
624 1007 658 1060 et
684 997 822 1079 gaudeo,
850 997 930 1060 mihi
957 997 1037 1061 nihil
1061 1017 1136 1062 esse
1161 999 1259 1063 huius

337 1131 445 1175 causa.
1227 1122 1261 1176 50

208 1223 272 1290 SC.
298 1223 424 1287 Inscita
453 1232 582 1285 ecastor
612 1231 647 1285 tu
679 1220 811 1302 quidem
830 1241 890 1284 es.
935 1221 1139 1287 PHILEM.
1170 1223 1260 1306 Qua·

337 1335 493 1417 propter?
541 1331 603 1397 SC.
630 1333 725 1414 Quae
741 1333 825 1396 istuc
842 1353 944 1409 cures,
1146 1327 1148 1330 ’

208 1449 256 1512 Vt
280 1459 313 1512 te
337 1446 391 1509 ille
414 1457 511 1508 amet.
556 1444 760 1508 PHILEM.
787 1444 862 1520 Cur,
879 1465 1023 1528 opsecro,
1040 1467 1107 1511 non
1126 1448 1262 1512 curem?

341 1557 404 1624 SC.
430 1557 552 1620 Libera
565 1576 602 1619 es
618 1557 690 1619 iam.
1241 1542 1246 1557 '

207 1673 261 1735 Tu
276 1671 350 1745 iam,
361 1670 448 1752 quod
465 1669 654 1752 quaerebas,
668 1667 788 1732 habes:
811 1667 866 1731 ille
882 1679 915 1732 te
931 1670 993 1732 nisi
1006 1671 1130 1734 amabit
1143 1671 1238 1748 ultro,
1254 1660 1256 1663 ¹

210 1783 257 1859 Id,
274 1801 333 1865 pro
350 1781 459 1863 capite
476 1790 534 1844 tuo
550 1779 638 1862 quod
654 1779 754 1853 dedit,
771 1779 949 1861 perdiderit
966 1791 1094 1845 tanturn
1111 1783 1247 1866 argenti.

207 1894 401 1959 PHILOL.
430 1892 516 1956 Perii
540 1891 659 1967 hercle,
676 1890 709 1953 ni
726 1911 788 1976 ego
809 1891 897 1957 illam
921 1894 1083 1974 pessumis
1106 1896 1266 1978 exemplis

339 1989 507 2068 enicass0.'
590 2051 592 2055 .
1233 2019 1265 2075 5⁵

211 2119 271 2182 Illa
288 2119 373 2181 hanc
387 2116 568 2198 corrumpit
584 2115 753 2178 mulierem
771 2115 957 2181 malesuada
969 2118 1111 2183 vitilena.

209 2230 411 2294 PHILEM.
437 2229 628 2311 Numquam
645 2247 707 2309 ego
723 2227 770 2290 illi
785 2248 917 2309 possum
934 2230 1073 2311 gratiam
1090 2228 1218 2308 referre,
1229 2243 1267 2298 ut

340 2340 476 2402 meritus
492 2349 544 2402 est
560 2341 601 2401 de
618 2355 679 2412 me,
947 2365 949 2370 ·

214 2451 362 2534 Scapha:
386 2451 419 2513 id
435 2462 470 2514 tu
488 2449 567 2512 mihi
584 2469 626 2512 ne
642 2450 790 2526 suadeas,
804 2460 841 2514 ut
857 2451 946 2514 illum
961 2453 1097 2518 minoris
1114 2457 1265 2537 pendam.

212 2562 275 2628 Sc.
300 2563 349 2625 At
376 2562 439 2625 hoc
470 2580 571 2624 unum
601 2559 702 2625 facito
733 2562 880 2645 cogites;
917 2565 943 2626 si
972 2565 1062 2629 illurn
1094 2567 1268 2632 inservibis

239 2723 240 2727 ,
342 2675 457 2747 solum,
559 2687 561 2690 ’

213 2786 303 2849 Dum
326 2784 387 2848 tibi
410 2804 499 2846 nunc
522 2783 603 2847 haec
627 2783 770 2847 aetatula
790 2796 849 2861 est,
867 2785 901 2849 in
924 2798 1059 2852 senecta
1081 2790 1166 2854 male
1190 2812 1268 2875 que-

344 2915 424 2960 rere.
1233 2901 1269 2956 60

212 3008 404 3073 PHILOL.
431 3007 470 3069 In
486 3006 642 3088 anginam
659 3027 721 3088 ego
737 3029 826 3071 nunc
843 3030 894 3072 me
907 3009 1004 3074 velim
1015 3013 1110 3094 vorti,
1122 3027 1159 3080 ut
1171 3037 1269 3082 vene·

344 3117 426 3181 ficae
444 3119 490 3180 iili

215 3231 342 3292 Fauces
352 3228 561 3310 prehendam,
572 3239 670 3310 atque
683 3220 809 3293 enicem
822 3230 995 3296 scelestam
1007 3234 1267 3306 stimulatricem.

189 3340 417 3422 ¹PHILEM.
442 3339 595 3402 Eundem
625 3339 771 3403 animum
802 3351 931 3423 oportet
962 3363 1050 3410 nunc
1080 3349 1161 3412 mihi
1186 3372 1269 3430 esse,

345 3461 474 3534 gratum
493 3461 528 3513 ut
545 3451 727 3532 impetravi,
