2810 4062
450 318 568 371 servs
595 321 628 371 v.
680 319 800 370 SCENA
827 321 880 370 ru.
1155 319 1201 390 59

154 498 185 562 T
179 499 224 564 H.
252 498 324 562 lmo
335 497 436 560 etiam
449 497 620 561 cerebrum
632 517 762 580 quoque
773 517 905 561 omnem
918 517 936 562 e
948 496 1055 580 capite
1067 517 1203 561 emunx-

279 609 333 674 isti
351 631 432 674 meo.

149 725 235 788 Nam
253 722 363 788 omnia
379 721 552 786 malefacta
567 733 680 786 vostra
695 722 800 806 reperi
817 722 974 788 radicitus
987 744 995 800 ;

149 837 227 902 Non
243 835 401 899 radicitus
417 837 548 920 quidem
566 836 684 912 hercle,
699 856 813 899 verum
830 836 929 899 etiam
947 835 1131 899 eradicitus.

149 951 339 1031 Numquam
355 949 472 1030 edepol
488 949 570 1012 haec
586 948 683 1012 hodie
699 948 824 1012 inultus
841 948 1067 1012 destinaveris.
1115 947 1190 1011 Tibi

151 1063 220 1124 Iam
238 1061 358 1124 iubebo
374 1061 483 1142 ignem
501 1071 534 1125 et
551 1079 690 1137 sarmeu,
706 1058 869 1136 carnufex,
886 1059 1092 1124 circumdari.
1169 1089 1202 1143 50

152 1174 183 1237 T
178 1175 219 1238 R.
245 1173 298 1237 Ne
310 1171 410 1236 laxis:
434 1193 511 1236 narn
523 1173 628 1237 elixus
641 1193 723 1247 esse,
737 1193 834 1257 quam
848 1193 950 1248 assus,
962 1173 1051 1237 soleo
1064 1173 1201 1236 suavior.

153 1287 183 1376 Τ
179 1286 224 1350 Η.
251 1285 411 1368 Exempla
423 1286 538 1368 edepol
550 1284 667 1350 faciam
680 1307 742 1368 ego
756 1285 787 1349 in
802 1297 844 1350 te.
887 1285 917 1347 T
914 1286 954 1350 R.
981 1285 1068 1369 Quia
1078 1285 1201 1368 placeo,

191 1459 194 1466 ,
279 1399 464 1481 exemplum
481 1398 618 1480 expetis

151 1510 183 1574 Τ
179 1511 224 1576 H.
251 1511 424 1596 Loquere:
448 1511 655 1594 quoiusmodi
679 1511 806 1595 reliqui,
829 1532 929 1594 quom
957 1511 1035 1575 hine
1060 1511 1200 1585 abibam,

278 1623 406 1686 filium?

153 1736 184 1800 T
179 1738 221 1801 R.
248 1736 333 1800 Cum
349 1735 498 1819 pedibus,
514 1735 675 1812 manibuS,
692 1756 767 1799 cum
786 1736 910 1820 digitis,
926 1736 1071 1811 auribus,
1088 1737 1200 1811 oculis

278 1848 387 1913 labris.

152 1961 223 2025 TH.
247 1959 352 2026 Aliud
382 1972 417 2026 te
443 1982 531 2044 rogo.
597 1960 665 2026 TR.
700 1961 804 2026 Aliud
835 1982 914 2046 ergo
945 1981 1034 2026 nuuc
1065 1961 1125 2026 tibi
1152 1983 1202 2025 re-

219 2069 224 2078 ’
277 2075 433 2156 spondeo.
1169 2086 1200 2140 55

148 2186 215 2250 Sed
231 2205 345 2250 eccum
360 2187 407 2250 tui
422 2187 515 2269 gnati
531 2186 677 2251 sodalem
692 2187 790 2251 video
806 2188 870 2252 huc
885 2187 1046 2262 incedere,
1109 2221 1111 2226 ·

147 2295 397 2363 Callidamatem
413 2321 420 2363 :
444 2299 499 2363 illo
514 2309 689 2382 praesente
705 2320 835 2364 mecum
848 2299 947 2382 agito,
964 2299 992 2363 si
1009 2296 1087 2382 quid
1100 2299 1198 2364 voles

606 2589 744 2618 -W-

315 2788 317 2794 ’
364 2824 544 2899 ncrvs
583 2824 628 2900 v
681 2825 864 2898 sesnin
905 2825 976 2901 m.

281 3011 567 3077 Carmonnmaus.
613 3013 872 3078 Trmvuormas.
919 3012 1063 3076 Timum.

148 3196 212 3264 CA.
236 3195 302 3261 Vbi
326 3219 478 3262 somnum
502 3199 638 3282 sepelivi
662 3219 802 3274 omnem,
819 3219 949 3262 omnem
967 3209 1067 3281 atque
1082 3197 1199 3262 obdor-

275 3309 353 3374 mivi
369 3311 546 3393 crapulam,

148 3419 355 3493 Philolaches
379 3424 509 3488 venisse
535 3424 616 3488 mihi
640 3445 737 3488 suum
764 3424 936 3509 [narravit]
967 3443 1105 3507 peregre
1132 3423 1197 3486 huc

278 3548 413 3619 patrem,
