2810 4062
221 287 270 374 46
533 303 665 355 rravrr
692 303 964 356 MOSTELLARIA.

222 481 313 546 Bene
329 503 459 544 merens
475 480 537 544 hoc
554 481 700 563 pretium
714 481 790 546 inde
806 484 947 564 apstuli:
972 483 1035 548 abii
1053 482 1161 549 foras:
1242 515 1277 553 20

223 593 320 657 Solus
338 615 427 657 nunc
443 614 482 656 eo
499 594 672 656 advorsum
690 593 770 656 hero
786 614 825 658 ex
841 596 1002 675 plurumis
1018 597 1129 661 servis.

224 706 298 768 Hoc
315 707 367 768 die
384 705 634 788 crastiniquom
653 706 751 768 herus
769 707 947 781 resciverit,

193 869 196 875 .
222 818 315 880 Mani
331 818 507 900 castigabit
523 838 579 882 eos
597 818 729 880 bubulis
745 820 878 882 exuviis

224 930 393 993 Postremo
410 930 545 993 minoris
562 930 671 1011 pendo
687 941 818 1011 tergum
835 931 962 995 illorum
979 952 1076 1014 quam
1095 914 1203 996 rrieum
1221 954 1229 1010 ;

222 1040 274 1104 Illi
289 1053 386 1105 erunt
401 1042 568 1105 bucaedae
585 1042 688 1104 multo
705 1042 813 1124 potius
829 1063 925 1126 quam
943 1065 1007 1126 ego
1023 1045 1086 1108 sim
1102 1045 1211 1109 restio.
1241 1073 1274 1127 25

483 1291 684 1356 Puaursevs
734 1293 869 1356 Ssuvos
893 1292 1015 1358 Aervs.

222 1491 289 1555 SE.
315 1492 416 1555 Mane
432 1501 468 1554 tu
483 1501 584 1574 atque
600 1491 724 1555 adsiste
741 1492 823 1567 ilico

182 1681 193 1695 ι
223 1604 391 1678 Phanisce‚
408 1604 506 1668 etiam
524 1605 658 1686 respice.
705 1606 783 1669 PH.
809 1605 892 1668 Mihi
909 1606 1070 1668 molestus
1087 1625 1129 1668 ne
1145 1606 1196 1670 sis,

221 1718 290 1782 SE.
314 1717 400 1781 Vide
413 1729 449 1780 ut
465 1716 591 1782 fastidit
608 1718 713 1783 simia.
759 1718 837 1783 PH.
864 1718 947 1781 Mihi
964 1739 1056 1781 sum:
1080 1717 1171 1782 lubet
1184 1739 1273 1782 esse:

349 1829 426 1913 quid
444 1830 476 1892 id
494 1830 613 1892 curas?
712 1859 727 1873 ·

220 1942 287 2006 SE.
313 1943 475 2006 Manesne
492 1942 577 2016 iiico,
595 1943 710 2023 inpure
728 1942 894 2024 parasite?

216 2055 294 2118 PH.
321 2055 387 2137 Qui
412 2055 572 2137 parasitus
596 2055 695 2117 sum?
743 2055 811 2119 SE.
838 2056 911 2138 Ego
931 2055 1019 2118 enim
1044 2054 1174 2131 dicam;
1197 2055 1271 2118 cibo

347 2167 482 2250 perduci
499 2166 754 2249 poteris·quovis
771 2188 778 2242 ;
1237 2178 1272 2232 30

218 2279 376 2343 Ferocem
393 2278 472 2342 sacis
489 2280 565 2362 quia
581 2290 614 2342 te
631 2281 729 2342 herus
747 2292 814 2342 tam
831 2288 928 2342 amat.
975 2279 1051 2343 PH.
1076 2279 1160 2356 Vah,
1198 2363 1203 2373 Ι

217 2391 314 2456 Oculi
331 2392 450 2456 dolent.
499 2391 567 2455 SE.
593 2391 683 2454 Cur?
728 2392 805 2455 PH.
831 2391 919 2473 Quia
934 2389 1043 2455 sumus
1061 2393 1227 2458 molestus.

219 2504 285 2568 SE.
311 2504 409 2578 Tace,
427 2503 482 2578 sis,
499 2500 590 2566 faber
605 2503 660 2586 qui
677 2505 798 2567 cudere
814 2503 899 2566 soles
917 2504 1087 2585 plumbeos
1104 2525 1231 2569 numos

215 2616 292 2680 PH.
319 2617 395 2678 Non
413 2627 506 2697 potes
524 2626 559 2677 tu
576 2635 694 2696 cogere
710 2635 762 2678 me
778 2626 814 2678 ut
830 2616 891 2678 tibi
907 2615 1113 2692 maledicam;

218 2729 319 2791 Novit
349 2729 449 2790 herus
480 2747 541 2790 me.
601 2727 668 2790 SE.
697 2726 798 2790 Suam
825 2726 956 2810 quidem
986 2726 1040 2808 pol
1067 2726 1268 2791 culcitullam

346 2850 482 2921 oportet.
1235 2849 1267 2903 35

213 2951 292 3015 PH.
320 2952 356 3016 Si
381 2951 509 3014 sobrius
534 2952 589 3024 sis,
607 2951 691 3014 male
715 2971 780 3013 non
805 2949 901 3013 dicas
950 2949 1018 3014 SE.
1043 2949 1118 3012 Tibi
1140 2960 1266 3032 optem-

345 3083 466 3144 perem‚
482 3083 579 3145 quom
597 3073 633 3124 tu
650 3062 730 3125 mihi
743 3062 902 3144 nequeas!

214 3175 291 3238 PH
316 3175 365 3237 At
390 3185 426 3236 tu
452 3195 590 3248 mecum,
607 3194 768 3255 pessume,
788 3173 798 3235 i
822 3175 991 3238 advorsus.
1039 3173 1108 3238 SE.
1134 3172 1268 3255 Quaeso

347 3286 465 3361 hercle,
482 3285 611 3368 apstine

217 3400 286 3461 lam
312 3417 495 3462 sermonem
512 3399 554 3461 de
571 3397 643 3459 istis
665 3398 770 3461 rebus.
816 3396 895 3461 PH.
921 3396 1065 3472 Faciam,
1081 3408 1114 3460 et
1131 3396 1267 3478 pultabo

345 3508 438 3574 sores.
