2810 4062
478 319 596 372 acnvs
622 318 659 369 11.
709 302 837 368 senus
856 315 893 367 11.

392 661 573 774 nctus
613 696 661 770 11.
714 695 898 770 secun
938 694 987 770 11.

335 887 597 951 Tnsvuopmss.
647 881 845 957 Psursnovr.
893 882 1044 947 Turum.

169 1061 239 1127 ΤΗ.
266 1061 392 1137 Habeo,
410 1059 576 1142 Neptune,
592 1057 733 1140 gratiam
750 1075 903 1137 magnam
921 1055 991 1132 tibi,

164 1175 273 1257 Quom
289 1194 343 1239 me
359 1171 499 1238 amisisti
514 1191 534 1235 a
550 1182 583 1235 te
598 1169 653 1234 vix
669 1169 777 1232 vivom
794 1166 910 1232 modo!

164 1288 293 1351 Verum
309 1286 337 1350 si
352 1285 489 1369 posthac
505 1304 558 1348 me
574 1283 690 1366 pedem
707 1280 808 1344 latum
826 1282 924 1345 modo

164 1399 256 1464 Scic's
272 1399 433 1481 inposisse
447 1397 481 1461 in
498 1396 642 1460 undam:
666 1395 753 1457 haud
769 1414 870 1458 causa
885 1393 960 1457 ilico
976 1403 1036 1470 est,

164 1511 261 1594 Quod
279 1533 367 1576 nunc
382 1510 514 1574 voluisti
531 1506 647 1582 facere,
663 1507 742 1590 quin
759 1505 858 1570 facias
876 1506 964 1571 mihi.
1197 1516 1211 1572 5

163 1625 291 1706 Apage,
307 1643 411 1706 apage
428 1635 496 1687 tea
512 1639 565 1685 me
581 1639 669 1684 nunc
685 1621 749 1682 iarn
767 1629 842 1701 post
857 1621 948 1684 hunc
962 1619 1050 1684 diem
1065 1640 1072 1696 ;
1100 1633 1102 1638 ·

159 1736 464 1818 'Quodcrediturus
480 1735 539 1798 tibi
555 1731 611 1809 fui,
627 1753 725 1796 omne
740 1731 873 1795 credidi.

9 1835 10 1872 1
59 1928 63 1936 ,
169 1848 237 1913 TR·
263 1849 400 1932 Edepol,
419 1849 585 1930 Neptune,
602 1844 779 1930 peccavisti
795 1844 938 1926 largiter,

167 1961 236 2043 Qui
252 1961 457 2027 occasionem
476 1961 562 2026 hanc
576 1958 714 2022 amisisti
730 1967 797 2022 tam
816 1958 943 2038 bonam.

170 2073 200 2136 T
197 2073 241 2138 H.
268 2073 426 2138 Triennio
442 2084 517 2156 post
533 2067 690 2154 Aegupto
707 2070 845 2133 advenio
860 2071 1002 2135 domurn.
1183 2081 1214 2121 10

164 2185 281 2261 Crede,
298 2197 491 2270 expectatus
507 2186 635 2248 veniam
652 2182 875 2247 familiaribus.

170 2298 238 2363 TR.
264 2298 377 2362 Nimio
392 2298 508 2380 edepol
524 2296 578 2359 ille
594 2296 700 2378 potuit
716 2296 918 2377 expectatior

163 2410 296 2484 Venire,
312 2411 368 2493 qui
386 2422 417 2474 te
433 2411 601 2474 nuntiaret
616 2420 788 2472 mortuom,

170 2523 200 2586 T
197 2523 241 2585 Η.
268 2523 334 2588 Sed
350 2523 427 2606 quid
445 2523 533 2586 hoc?
579 2505 723 2587 Occlusa
739 2521 838 2585 ianua
853 2531 905 2585 est
922 2519 1108 2584 interdius?

165 2635 311 2700 Pultabo.
359 2635 464 2708 Heus,
480 2635 592 2717 ecquis
607 2635 687 2698 istas
703 2635 806 2717 aperit
822 2633 902 2697 mihi
918 2634 1027 2696 sores?
1183 2645 1212 2702 15

170 2748 202 2810 Τ
196 2749 240 2811 R.
266 2747 350 2829 Quis
366 2749 463 2811 homo
480 2758 540 2821 est,
556 2748 612 2830 qui
629 2760 756 2811 nostras
774 2749 871 2811 aedes
888 2745 1026 2810 accessit
1042 2748 1169 2829 prope?

170 2859 201 2924 Τ
197 2860 240 2924 Η.
266 2862 363 2925 Meus
380 2879 492 2924 servos
509 2861 561 2924 hic
574 2853 706 2943 quidem
717 2867 768 2924 est
780 2862 911 2925 Tranio.
964 2858 994 2922 Τ
990 2858 1032 2923 R.
1059 2858 1213 2923 OTheu-

296 2972 435 3055 ropides,

167 3085 266 3162 Here,
283 3085 392 3149 salve:
416 3085 538 3149 salvom
556 3098 588 3150 te
604 3085 775 3150 advenisse
791 3087 928 3166 gaudeo.

165 3197 282 3282 Vsque
297 3197 488 3262 invaluisti?
539 3198 569 3260 T
566 3197 610 3263 H.
636 3198 758 3280 Vsque.
776 3210 811 3262 ut
828 3200 926 3261 vides
949 3199 956 3211 '
978 3197 1047 3263 TR.
1072 3198 1212 3262 Factum

294 3321 437 3392 optume.

171 3421 242 3486 TH.
268 3422 358 3505 Quid
381 3421 467 3486 vos?
496 3420 637 3487 insanin'
661 3423 766 3486 estis?
817 3422 884 3488 TR.
913 3421 1087 3507 Quidum?
1139 3422 1169 3485 T
1167 3421 1211 3489 H.

297 3533 371 3600 Sic:
395 3535 472 3617 quia
1179 3549 1214 3588 20

1190 3621 1202 3654 xx
1226 3641 1236 3651 μ

1151 3655 1217 3735 μὴ

1222 3729 1226 3738 ι
