2810 4062
237 303 282 392 56
547 320 679 370 annvrr
706 319 977 372 nosrantnurn.

457 643 649 744 'ncrvs
687 670 733 745 v.
787 671 969 745 scena
1009 671 1058 744 11.

533 869 793 934 Tuevuoprous
840 871 987 936 Tnnuro.

239 1059 269 1121 T
266 1054 310 1122 H.
336 1058 417 1122 Ilico
444 1057 531 1120 intra
555 1057 653 1121 limen
680 1068 784 1121 astate
810 1057 897 1121 illic:
928 1069 972 1132 ut,
997 1078 1097 1140 quom
1123 1056 1290 1142 extemplo

365 1190 488 1245 vocem,

235 1284 400 1348 Continuo
411 1283 559 1347 exiliatis,
608 1283 758 1346 Manicas
775 1283 925 1347 celeriter
941 1283 1114 1348 conectite.

234 1399 308 1478 Ego
324 1397 416 1459 illum
432 1405 509 1458 ante
525 1395 616 1458 aedis
633 1396 856 1477 praestolabor
873 1395 1112 1460 ludificatorem
1130 1417 1250 1472 meum,
1370 1463 1376 1474 ,
1395 1417 1396 1460 3

234 1510 362 1592 Quoius
380 1529 442 1590 ego
456 1508 553 1571 hodie
569 1507 762 1570 ludificabor
777 1508 910 1581 corium,
928 1508 954 1571 si
971 1509 1055 1582 vivo,
1072 1511 1182 1594 probe.
1395 1587 1396 1598 2

239 1622 307 1686 TR.
336 1623 404 1685 Res
428 1620 535 1702 palam
559 1631 618 1684 est.
667 1621 764 1684 Nunc
790 1631 823 1684 te
848 1620 960 1684 videre
985 1617 1106 1686 melius
1126 1632 1186 1698 est,
1210 1622 1291 1708 quid
1395 1603 1396 1606 Ἴ

364 1755 454 1816 agas
473 1732 605 1797 Tranio,
778 1810 781 1815 ,
1276 1747 1291 1801 5

239 1848 310 1913 TH.
335 1848 444 1910 Docte
467 1857 566 1928 atque
591 1857 700 1909 astute
723 1845 804 1908 mihi
827 1849 1027 1928 captandum
1049 1859 1100 1912 est
1124 1868 1200 1911 curn
1225 1848 1293 1924 illo,

365 1959 420 2022 ubi
437 1960 500 2022 huc
516 1959 693 2022 advenerit.
1037 2043 1038 2048 ἵ

236 2074 311 2138 Non
329 2094 392 2154 ego
409 2072 454 2134 illi
470 2072 632 2153 extemplo
650 2072 783 2134 hamum
801 2073 994 2136 ostendam:
1017 2073 1140 2136 sensim
1158 2073 1292 2137 mittam

363 2177 482 2248 lineam
500 2207 513 2272 ;y
1052 2263 1055 2268 Δ

235 2298 459 2363 Dissimulabo
485 2318 537 2360 me
562 2299 678 2360 horum
703 2298 877 2380 quicquam
904 2299 996 2361 scire.
1049 2298 1117 2363 TR.
1144 2299 1174 2363 Ο
1202 2318 1294 2363 mor·
1395 2273 1396 2304 ἓ

367 2412 466 2474 talem
483 2410 625 2499 malum!

235 2524 333 2588 Alter
348 2525 411 2587 hoc
428 2523 573 2586 Athenis
590 2544 687 2586 nemo
704 2523 831 2586 doctior
847 2522 912 2585 dici
929 2535 1045 2605 potest.

235 2639 347 2701 Verba
362 2637 408 2699 illi
424 2657 490 2699 non
508 2636 614 2718 magis
638 2637 715 2701 dare
740 2636 836 2699 hodie
865 2636 1047 2719 quisquam,
1063 2657 1161 2720 quarn
1179 2635 1294 2719 lapidi,
1395 2637 1396 2640 ’

367 2760 485 2832 potest.
1262 2763 1297 2800 10
1395 2775 1396 2794 2

236 2863 423 2945 Adgrediar
449 2861 639 2938 hominem;
674 2861 853 2944 appellabo.
913 2861 987 2926 TH.
1021 2862 1121 2924 Nunc
1147 2882 1210 2944 ego
1234 2854 1315 2928 ille‘

367 2977 431 3038 huc
448 2975 557 3037 veniat
574 2975 681 3038 velim.
1395 3041 1396 3048 χ

243 3091 272 3151 Τ
268 3090 309 3152 R.
337 3089 372 3152 Si
388 3087 521 3170 quidem
538 3087 591 3168 pol
602 3107 655 3150 me
666 3087 803 3170 quaeris,
817 3087 933 3150 adsum
950 3106 1108 3169 praesens
1123 3088 1299 3168 praesenti
1324 3123 1325 3126 ¹
1395 3061 1396 3078 χ

206 3279 214 3293 υ
367 3201 435 3265 tibi.

242 3327 273 3390 ,Τ
270 3325 315 3392 Η.
341 3327 445 3409 Euge,
462 3327 594 3402 Tranio,
607 3325 684 3408 quid
701 3325 832 3406 agitur?
883 3324 914 3388 T
909 3325 950 3389 R.
974 3323 1124 3388 Veniunt
1139 3323 1207 3388 ruri
1223 3347 1303 3390 rus·

369 3438 444 3514 tici;

240 3550 444 3614 Philolaches
460 3550 523 3614 ianr
542 3551 595 3614 hic
607 3550 720 3614 aderit.
772 3549 802 3611 T
801 3549 842 3612 H.
869 3547 995 3630 Edepol
1012 3548 1091 3612 mihi
1105 3559 1304 3631 opportune

371 3664 511 3729 advenit.
