2810 4062
213 324 259 414 38
524 339 656 390 Piuv‘n
683 338 954 390 MOSTELLARIA.

211 517 279 602 [Sl.
301 520 404 604 ¹Quid
427 517 534 584 facitis
556 516 638 580 vos?
686 515 753 580 Sed
771 526 807 579 ut
830 535 954 592 verum,
971 515 1120 600 Tranio]
1137 517 1261 600 loquar,

210 631 267 696 Sic
283 634 388 709 decet,
407 632 456 715 [ut
473 629 623 701 homines
638 627 739 710 sunt,]
757 628 803 691 ita
819 648 942 690 morem
959 648 1056 710 geras
1072 650 1079 706 ;

208 743 288 809 Vita
303 766 399 828 quam
418 745 460 806 sit
476 742 593 816 brevis,
610 741 706 802 simul
722 739 839 822 cogita.
851 775 895 786 -
909 740 1025 822 Quid?

213 855 281 922 TR.
314 857 431 931 Ehem,
448 854 501 916 vix
523 853 655 916 tandem
677 851 818 934 percepi,
827 873 926 934 super
949 852 1001 916 his
1018 854 1116 917 rebus
1141 853 1261 917 nostris

339 980 372 1032 te
387 967 488 1050 loqui.

209 1079 263 1144 SI.
296 1080 425 1143 Musice
442 1078 550 1141 hercle
566 1075 664 1159 agitis
680 1087 822 1140 aetatem
840 1076 894 1152 ita,
911 1088 948 1140 ut
963 1098 1021 1140 vos
1038 1077 1155 1162 decet:
1226 1088 1261 1139 40

208 1191 298 1255 Vino
314 1204 347 1256 et
363 1193 461 1266 victu,
478 1193 608 1274 piscatu
625 1192 737 1272 probo,
754 1190 883 1264 electili,

206 1303 319 1369 Vitam
336 1305 452 1369 colitis.
506 1304 573 1367 TR.
608 1304 680 1367 Imo
695 1303 763 1366 vita
778 1302 918 1365 antehac
934 1311 1004 1366 erat
1019 1322 1027 1379 ;

207 1415 306 1481 Nunc
323 1418 418 1480 nobis
434 1415 545 1480 omnia
560 1416 641 1478 haec
657 1416 858 1478 exciderunt.

207 1528 261 1593 SI.
295 1529 468 1612 Quidum?
510 1529 576 1591 TR.
610 1528 662 1590 Ita
678 1527 799 1609 oppido
815 1527 995 1590 occidimus
1011 1545 1137 1602 omnes,
1158 1524 1259 1590 Simo,

208 1640 261 1705 Sl.
304 1641 380 1705 Non
407 1641 521 1704 taces?
569 1640 726 1721 Prospere
750 1639 842 1702 vobis
873 1649 993 1702 cuncta
1019 1657 1122 1722 usque
1152 1637 1259 1701 adhuc

339 1763 580 1836 processerunt.
1225 1759 1258 1813 45

211 1863 243 1927 T
238 1864 280 1928 R.
313 1865 365 1930 Ita
381 1875 417 1928 ut
433 1864 524 1940 dicis,
539 1863 627 1927 facta
643 1863 729 1926 haud
747 1883 852 1944 nego:
876 1883 937 1926 nos
1034 1935 1039 1948 ι

207 1971 356 2038 Profecto
372 1975 481 2056 probe,
499 1984 535 2038 ut
551 1972 722 2053 voluimus,
739 1972 899 2049 viximus;

207 2086 283 2161 Sed,
302 2085 404 2162 Simo,
421 2086 467 2149 ita
483 2107 571 2148 nunc
586 2097 704 2148 ventus
720 2105 836 2147 navem

207 2197 370 2262 Deseruit.
411 2198 463 2262 SI.
498 2197 586 2279 Quid
600 2197 675 2260 est?
722 2196 937 2278 Quomodo?
988 2196 1056 2260 TR.
1089 2195 1257 2260 Pessumo

207 2309 260 2374 SI.
295 2309 433 2392 Quaene
449 2309 611 2372 subducta
628 2320 697 2371 erat
714 2319 785 2371 tuto
803 2308 835 2371 in
854 2309 963 2371 terra?
1225 2319 1259 2373 5ο

211 2420 278 2485 TR.
312 2420 400 2484 Hei!
448 2421 500 2484 Sl.
535 2420 625 2502 Quid
641 2420 718 2483 est?
756 2419 822 2483 TR.
856 2421 913 2483 Me
930 2419 1104 2484 miserum!
1128 2419 1257 2484 occidi!

338 2531 389 2596 SI.
422 2532 514 2614 Qui?
566 2532 633 2596 TR.
666 2531 755 2613 Quia

206 2643 309 2708 Venit
325 2644 425 2720 navis,
442 2656 571 2706 nostrae
589 2645 663 2706 navi
680 2663 764 2726 quae
779 2641 910 2726 frangat
925 2654 1039 2708 ratem.

207 2757 262 2821 SI.
294 2756 404 2820 Velim
432 2759 527 2820 ut'tu
553 2754 661 2832 velles,
678 2755 809 2820 Tranio.
858 2757 925 2820 Sed
949 2757 1095 2839 quidest
1120 2755 1257 2838 negoti?

342 2869 410 2933 TR.
444 2868 595 2951 Eloquar.

207 2981 318 3044 Herus
334 3001 472 3063 peregre
487 2981 585 3046 venit.
634 2981 695 3046 Sl„
720 2979 816 3044 Tunc
835 2979 909 3062 [tibi
925 2978 1088 3062 actutum]
1105 2979 1256 3062 chor[da]

336 3093 491 3168 tenditur,
1168 3081 1170 3084 ’

206 3204 288 3268 Inde
305 3201 512 3282 ferriterium;
536 3217 707 3287 postea-
753 3204 803 3287 [T
798 3205 839 3268 R.
866 3205 921 3268 Pol
938 3224 997 3288 per
1011 3214 1068 3268 tua
1083 3215 1117 3268 te
1132 3203 1258 3287 g]enua

335 3337 474 3397 opsecro
1225 3327 1256 3380 55

206 3427 433 3492 Neindicium
456 3428 536 3491 hero
554 3426 655 3510 factat
673 3449 753 3493 meo.
801 3428 856 3493 SI.
889 3429 995 3503 Eme,
1012 3448 1053 3491 ne
1069 3428 1149 3510 quid
1174 3440 1256 3490 met-

335 3559 403 3614 uas,
420 3541 467 3602 nil
483 3541 573 3604 sciet.
