2810 4062
453 322 572 374 ACTVS
597 324 644 373 IV.
697 325 818 375 SCENA
843 326 864 376 1.

362 673 544 748 Acrvs
585 673 652 746 rv.
707 631 890 749 scnun
931 677 957 750 1.

556 862 760 926 Pnnurscvs

132 1046 225 1109 Servi
241 1047 306 1130 qui,
322 1068 421 1130 quom
438 1048 534 1130 culpa
550 1048 664 1122 corint,
682 1059 790 1111 tamen
810 1048 931 1111 malum
948 1059 1108 1127 metuont,

133 1159 179 1222 Hi
196 1160 305 1224 solent
321 1181 394 1224 esse
410 1162 498 1224 heris
516 1161 653 1224 utibiles.
1060 1228 1062 1234 ,

133 1271 220 1334 Nam
244 1272 299 1349 illi,
316 1273 370 1356 qui
392 1261 472 1336 nihil
497 1267 655 1348 metuont,
672 1284 847 1355 postquam
864 1286 942 1338 sunt
958 1275 1079 1340 malurn
1096 1297 1180 1339 mer-

262 1385 307 1459 iti,

130 1495 244 1561 Stulta
260 1497 321 1560 sibi
337 1509 496 1579 expetunt
513 1498 655 1560 consilio„

130 1609 295 1674 Exercent
313 1631 384 1674 sese
409 1613 449 1674 ad
475 1631 666 1674 cursuram:
690 1607 829 1692 fugiunt.
878 1609 945 1674 Sed
970 1611 1004 1674 hi
1027 1613 1055 1676 si
1072 1633 1182 1695 repre-

260 1723 454 1796 hensisunt,
1165 1737 1179 1792 5
1213 1721 1218 1730 ”

130 1821 269 1899 Faciunt
286 1856 305 1898 a
320 1836 407 1899 malo
423 1836 585 1918 peculium
603 1835 691 1918 quod
707 1849 874 1918 nequeunt
892 1834 925 1918 [a
941 1835 1054 1920 bono].

129 1948 267 2029 Augent
284 1969 322 2012 ex
339 1949 501 2031 pauxillo;
525 1949 729 2031 [thesaurum
747 1947 839 2031 inlde
856 1946 980 2030 parant.
1073 2007 1076 2014 ,

129 2061 212 2124 Mihi
229 2061 260 2124 in
291 2074 423 2143 pectore
447 2062 563 2125 consili
589 2061 689 2144 [quod
715 2072 775 2136 est,
792 2061 883 2124 lubet
907 2060 1038 2144 cavere]
1055 2063 1175 2128 malam

257 2198 323 2240 rem
342 2179 432 2260 prius

128 2290 235 2372 Quam
254 2305 293 2380 nt
306 2311 416 2354 meum
434 2289 575 2374 [tergum
593 2289 724 2372 doleatl.

126 2402 173 2467 Vt
189 2403 297 2498 adhuc
313 2401 373 2467 suit
390 2405 477 2478 mihi,
494 2403 618 2497 corium
635 2424 710 2466 esse
726 2414 864 2486 oportet,

127 2517 309 2592 Sincmum,
325 2527 423 2599 atque
440 2529 476 2580 ut
491 2527 602 2579 votem
620 2516 794 2579 verberari.

127 2629 161 2692 Si
179 2629 255 2693 huic
272 2630 448 2712 imperabo,
466 2630 566 2710 probe
584 2640 708 2692 tectum
724 2629 861 2694 habebo.

127 2743 251 2848 illalum
268 2763 367 2826 quom
385 2742 503 2825 inpluit
520 2755 657 2817 ceteros,
674 2763 716 2804 ne
732 2742 858 2824 inpluat
874 2742 964 2805 mihi

127 2855 213 2918 Nam
230 2867 266 2919 ut
282 2855 367 2919 servi
383 2855 496 2918 volunt
513 2875 585 2917 esse
601 2856 724 2929 herum,
742 2854 788 2917 ita
803 2854 894 2918 solet.

126 2968 208 3032 Boni
225 2979 311 3044 sunt,
331 2967 530 3050 [bonusest]
547 2989 554 3041 ;
577 2967 717 3048 improbi
734 2977 819 3042 sunt,
836 2968 941 3031 malus
956 2968 1002 3032 fit.
1143 2979 1173 3034 ι5

125 3081 211 3144 Nam
228 3102 316 3144 nunc
332 3081 420 3143 domi
437 3092 569 3143 nostrae
586 3091 633 3143 tot
650 3080 795 3162 pessumi
811 3080 934 3156 vivont,

124 3193 233 3257 Peculi
250 3194 299 3256 sui
317 3194 454 3276 prodigi,
472 3193 683 3275 plagigeruli:
708 3192 762 3255 ubi
778 3193 952 3256 advorsum
970 3204 1006 3257 ut
1021 3204 1099 3257 eant

123 3305 296 3369 Vocantur
314 3305 447 3368 hero-
459 3313 466 3337 ⁴
480 3285 557 3368 Non
573 3326 621 3379 e0,
638 3305 795 3369 molestus
812 3326 853 3367 ne
869 3304 925 3378 εἰς,

124 3422 201 3487 Scio
217 3444 282 3506 quo
298 3442 462 3504 properas,
479 3422 583 3503 gestis
600 3421 708 3505 aliquo
724 3420 786 3484 iam
805 3421 923 3495 hercle,
940 3420 987 3486 ire
1002 3421 1061 3496 viS,
1074 3421 1171 3499 mula,

251 3534 337 3599 foras
353 3533 502 3617 pastum?
1160 3521 1161 3524 ¹
