2810 4062
454 274 570 326 ACTVS
597 273 644 324 11.-
686 273 807 324 SCENA
833 273 871 324 11.
1142 271 1188 344 27

144 453 214 518 ΤΗ.
239 453 411 536 Eloquere,
434 450 514 535 quid
544 451 616 514 ita?
668 451 698 513 T
694 451 737 515 R.
762 450 1077 534 Circumspicedum,
1108 471 1188 514 num

269 565 342 648 quis
358 575 418 642 est,
559 633 562 645 χ,

139 678 332 745 Sermonem
350 688 496 742 nostrum
508 677 562 760 qui
579 687 729 759 aucupet.
775 676 805 739 T
800 676 844 740 H.
869 676 994 740 Tutum
1011 677 1113 759 probe
1129 688 1187 743 est.

143 791 213 855 TR.
238 790 463 874 Circumspice
479 790 588 872 etiam.
640 789 671 852 T
667 788 713 854 H.
740 789 847 853 Nemo
859 801 932 853 est:
955 790 1089 873 loquere
1101 811 1191 856 nunc

269 903 342 969 iam.

145 1014 213 1080 TR.
239 1015 398 1099 Capitalis
414 1015 523 1080 caedis
539 1014 626 1079 sacta
641 1024 700 1079 est.
752 1014 823 1079 TH.
849 1015 925 1078 Non
943 1014 1108 1099 intellego,

145 1128 213 1194 TR.
239 1129 362 1204 Scelus,
393 1129 540 1212 inquam,
566 1126 690 1192 factum
720 1137 771 1191 est
802 1127 932 1204 iamdiu,
954 1129 1125 1211 antiquom
1157 1139 1191 1193 et

270 1252 372 1305 vetus
1155 1253 1190 1309 45

140 1353 348 1437 Antiquom;
372 1353 404 1416 id
420 1354 502 1418 adeo
519 1374 578 1416 nos
595 1372 683 1416 nunc
699 1350 820 1446 lactum
838 1351 1035 1418 invenimus.
1056 1417 1059 1422 ,
1141 1339 1142 1342 “

145 1465 177 1529 Y
172 1466 217 1530 H.
245 1467 333 1549 Quid
350 1466 435 1530 istuc
451 1477 503 1530 est
520 1465 636 1542 scelus,
651 1477 708 1530 aut
724 1466 798 1548 quis
814 1465 846 1528 id
863 1463 948 1541 lecit,
964 1467 1055 1532 cedo.

146 1579 177 1642 T
173 1580 215 1643 R.
242 1579 373 1661 Hospes
389 1577 519 1643 necavit
536 1577 697 1661 hospitem
715 1589 848 1661 captum
866 1598 964 1643 manu
979 1601 986 1656 ;

141 1691 219 1767 Iste,
236 1703 272 1754 ut
288 1713 350 1773 ego
366 1692 490 1773 opinor,
507 1692 564 1774 qui
580 1691 639 1755 has
657 1692 716 1755 tibi
733 1692 822 1755 aedis
838 1692 994 1757 vendidit.

146 1803 218 1868 TH.
244 1804 408 1868 Necavit?
460 1803 528 1868 TR.
553 1801 750 1887 Aurumque
766 1804 796 1869 ei
812 1805 936 1869 ademit
952 1805 1084 1889 hospiti,
1158 1815 1193 1872 50

142 1917 296 2000 Eumque
313 1917 365 1981 hic
381 1914 504 1981 defodit
521 1917 685 2000 hospitem
704 1917 824 1982 ibidem
842 1918 880 2004 in⁴
892 1918 1036 1983 aedibus.

148 2030 218 2094 ΤΗ.
243 2030 454 2113 Quapropter
469 2030 502 2092 id
519 2051 576 2093 vos
593 2027 713 2093 sactum
733 2030 974 2114 suspicamini?
1035 2049 1038 2053 ·

148 2147 178 2210 Y
174 2147 216 2211 R.
242 2148 315 2227 Ego
331 2146 437 2210 dicam
453 2169 459 2210 :
483 2146 640 2210 ausculta.
687 2146 735 2210 Vt
750 2144 829 2210 loris
845 2145 1019 2212 cenaverat

142 2258 236 2322 Tuus
250 2270 381 2340 gnatus,
399 2271 571 2341 postquam
589 2259 673 2322 redit
689 2279 709 2322 a
724 2279 807 2322 cena
822 2259 975 2324 domum:

144 2370 286 2434 Abimus
302 2391 417 2435 omnes
432 2369 589 2445 cubitum,
605 2371 893 2436 condormivimus.
1025 2365 1026 2369 ¹

145 2484 330 2548 Lucernam
347 2481 429 2547 lorte
445 2483 567 2548 oblitus
582 2480 706 2547 fueram
723 2483 937 2567 extinguere:

143 2595 257 2678 Atque
273 2597 327 2659 ille
343 2596 502 2660 exclamat
518 2596 697 2679 derepente
714 2616 911 2661 maxumum.

149 2707 220 2773 TH.
268 2708 353 2791 Quis
377 2709 501 2773 horno?
536 2730 577 2772 an
598 2722 718 2792 gnatus
743 2708 861 2772 meus?
912 2708 981 2774 TR.
1008 2709 1067 2774 St!
1096 2718 1192 2785 tace;

274 2822 424 2884 ausculta
439 2823 545 2886 modo.

143 2931 213 3007 Ait,
230 2933 361 2998 venisse
376 2934 465 2997 illum
483 2955 516 2998 m
533 2934 657 2998 somnis
673 2935 714 2998 ad
731 2955 765 2998 se
782 2945 955 2999 mortuom.

149 3044 220 3108 TH.
246 3045 375 3128 Nempe
398 3068 477 3129 ergo
493 3049 528 3111 in
544 3047 694 3112 somnis?
745 3046 813 3110 TR.
847 3047 906 3111 Ita.
954 3046 1021 3112 Sed
1044 3046 1193 3111 ausculta

151 3127 172 3174 χ
274 3159 381 3223 modo,
1157 3154 1193 3209 ⁶⁰

143 3268 205 3333 Ait
221 3269 312 3333 illum
329 3271 392 3335 hoc
407 3283 505 3354 pacto
521 3271 583 3335 sibi
599 3271 720 3334 dixisse
737 3281 901 3334 mortuom
911 3307 955 3316 -

149 3380 181 3444 Y
176 3381 219 3446 H.
245 3382 283 3445 In
301 3384 449 3448 somnis?
501 3383 569 3448 TR.
596 3384 728 3456 Mirum,
744 3382 824 3466 quin
841 3381 992 3464 vigilanti
1008 3381 1141 3458 diceret,

145 3494 212 3577 Qui
228 3495 347 3559 abhinc
363 3496 534 3579 sexaginta
548 3497 644 3562 annis
659 3496 788 3560 occisus
804 3493 898 3559 foret.
