2810 4062
448 309 565 361 ACTVS
591 309 643 388 III.
696 309 817 360 SCENA
843 309 880 359 ΙΙ.

148 488 255 554 Simul
270 485 354 552 flare.
367 488 565 570 sorbereque
583 487 671 550 haud
687 483 776 549 sactu
791 483 886 549 facile
902 496 971 548 est:

145 601 219 682 Ego
236 601 290 664 hic
305 621 379 665 esse
394 611 427 663 et
444 600 489 663 illi
506 599 603 663 simul
620 599 707 662 haud
725 598 825 680 potui.

151 712 222 776 TH.
259 712 349 795 Quid
374 713 488 776 nunc?
539 712 607 774 TR.
639 697 879 793 Vise,specta‚
899 721 956 773 tuo
983 729 1086 791 usque
1114 708 1199 773 arbi-

278 835 394 908 tratu„

149 936 221 1000 TH.
246 935 333 1018 Age,
350 936 413 999 due
429 955 489 998 me.
534 935 717 998 TRsNum
735 935 867 998 moror?
912 934 982 998 TH.
1008 933 1199 1016 Supsequor

276 1060 317 1113 te.
1149 1055 1196 1111 105

149 1160 180 1222 T
175 1161 216 1224 R.
242 1159 352 1224 Senex
367 1159 459 1240 ipsus
477 1169 509 1222 te
525 1168 602 1222 ante
618 1158 747 1234 ostium,
759 1140 887 1231 eccum,
904 1157 1082 1239 opperitur.

146 1272 213 1335 Sed
231 1271 285 1354 [is]
303 1281 449 1335 maestus
466 1281 526 1346 est,
543 1291 578 1334 se
593 1271 691 1334 hasce
706 1270 901 1334 vendidisse.
920 1282 923 1289 '
1054 1331 1056 1339 ,
1174 1308 1177 1316 ·

149 1383 180 1445 Τ
175 1384 219 1447 H.
238 1383 327 1465 Quid
345 1383 501 1446 tandem?
545 1382 576 1444 T
571 1383 612 1446 R.
640 1383 732 1456 Orat,
746 1395 782 1446 ut
798 1383 953 1448 suadeam
971 1380 1195 1456 Philolacheti,

142 1495 189 1558 Vt
207 1495 288 1558 istas
305 1495 450 1558 remittat
467 1494 537 1558 sibi.
589 1494 620 1556 T
615 1495 660 1558 H.
687 1495 787 1558 Haud
808 1495 932 1576 opinor.

144 1607 216 1672 Sibi
232 1607 370 1690 quisque
387 1608 453 1670 ruri
470 1587 589 1670 metit,
620 1607 656 1670 Si
673 1607 757 1670 male
773 1617 905 1688 emptae
1144 1617 1194 1658 110

143 1720 277 1794 Forent,
293 1719 388 1782 nohis
404 1719 463 1781 has
479 1718 651 1782 redhibere
668 1720 755 1782 haud
772 1719 895 1782 liceret.

143 1830 243 1893 Lucri
259 1831 417 1913 quidquid
433 1840 494 1905 est,
511 1830 542 1892 id
560 1831 693 1914 domum
712 1831 841 1894 trahere
857 1810 1005 1913 oportet..
1080 1813 1082 1815 ¹

143 1941 389 2006 Misericordias
407 1942 483 2024 [iarn
501 1942 622 2005 habere
638 1942 739 2024 haud]
758 1942 923 2006 hominem
941 1954 1078 2025 oportet.
1121 2003 1124 2006 .

148 2053 178 2115 T
174 2055 215 2117 R.
250 2054 381 2117 Morare
411 2053 521 2116 hercle
553 2052 666 2135 [quom
696 2053 809 2137 verba]
840 2053 943 2130 facis3
981 2074 1193 2137 supsequere.

192 2219 197 2230 .
279 2165 309 2227 T
304 2165 350 2229 H.
384 2165 467 2228 Fiat.
507 2229 509 2234 .

16 2303 19 2308 ·
149 2277 218 2340 TR.
252 2277 305 2340 Do
321 2277 381 2340 tibi
397 2297 459 2358 ego
483 2297 622 2359 operam.
663 2257 782 2342 ¹Senex
803 2278 869 2341 illie
888 2257 1193 2355 est.—-Hem,tibi

273 2389 392 2451 adduxi
410 2388 586 2453 hominem.
1146 2402 1193 2456 115

144 2501 197 2578 SI.
231 2501 360 2565 Salvom
379 2513 411 2564 te
426 2502 599 2564 advenisse
616 2522 752 2583 peregre
767 2503 905 2584 gaudeo,
922 2501 1158 2584 Theuropides

146 2596 220 2675 TH.
252 2612 297 2674 Di
314 2623 346 2676 te
365 2623 484 2676 ament.
533 2613 586 2676 SJ.
620 2596 787 2695 Inspicere
803 2613 856 2677 hic
876 2613 966 2677 aedis
984 2624 1016 2677 te
1032 2614 1091 2676 has
1110 2614 1193 2678 velle

244 2771 246 2780 .
273 2724 383 2788 aiebat
399 2724 487 2787 mihi.

147 2835 219 2898 TH.
252 2836 325 2898 Nisi
344 2835 403 2898 tibi
428 2835 670 2899 incommodum
686 2819 745 2902 est.
793 2838 845 2902 SI.
879 2838 950 2900 Irno
973 2833 1191 2902 commodum.

274 2948 289 3010 I
307 2947 393 3010 intro
409 2958 508 3030 atque
523 2945 659 3030 inspice.

147 3059 216 3124 TH.
247 3059 399 3122 atenim
424 3059 584 3125 mulieres.
631 3061 683 3124 Sl.
716 3059 804 3124 Cave
820 3073 856 3125 tu
874 3061 970 3124 ullam
995 3061 1090 3126 flocci
1106 3059 1187 3126 saxis

272 3171 451 3234 mulierem.

142 3280 299 3363 Qualibet
315 3282 507 3362 perambula
523 3282 614 3346 aedis
626 3282 750 3366 oppido
767 3294 933 3368 tamquam
951 3295 1032 3348 tuas.
1070 3295 1191 3410 24120

88 3459 93 3467 ,
148 3393 217 3457 TH.
249 3393 458 3476 Tamquam?
510 3395 577 3458 TR.
609 3395 675 3471 Ah,
695 3417 774 3460 cave
801 3409 837 3461 tu
862 3397 907 3460 ilii
934 3398 1078 3462 obiectes
1104 3419 1192 3461 nunc

221 3567 224 3572 i
272 3505 306 3570 in
322 3499 537 3587 aegritudine,
