2810 4062
487 253 618 327 'Acrvs
645 275 697 326 111.
732 269 872 328 'scum
898 278 920 329 1.

183 452 411 537 Expostulare,
430 453 507 536 quia
523 454 741 534 percussisses
756 451 851 518 sores

183 566 249 631 Sed
266 577 301 630 tu
318 566 462 630 etiamne
478 578 576 642 astas,
593 588 663 642 nec,
680 587 764 650 quae
781 566 863 643 dioc,
880 570 1111 651 optemperas?
1179 643 1181 648 ¹

187 679 218 741 T
213 679 259 744 H.
291 679 381 762 Quid
412 677 553 743 faciam?
619 680 650 743 T
645 681 687 744 R.
722 680 812 744 Cave
842 681 996 762 respexis,
1028 679 1114 764 fuge,
1141 681 1230 765 operi

312 794 431 875 caput!

186 904 217 968 T
213 906 256 970 H.
282 905 351 970 Cur
373 889 439 970 non
463 903 549 989 sugis
572 906 631 968 tu?
681 906 713 968 T
708 907 749 970 R.
775 906 842 969 Pax
864 905 945 968 mihi
963 916 1025 983 ¹est
1048 927 1123 970 cum
1144 927 1229 970 mor-

310 1019 384 1084 tuis.
488 1003 490 1007 ⁵
1194 1033 1230 1088 90

184 1129 255 1196 TH.
280 1131 364 1196 Scio,
413 1131 502 1216 Quid
519 1131 617 1194 modo
632 1131 755 1213 igitur?
778 1152 837 1195 cur
852 1139 944 1194 tanto
969 1152 1066 1213 opere
1090 1132 1228 1196 extimu-

308 1245 406 1308 eras?

183 1354 214 1417 T
210 1355 251 1420 R.
278 1356 335 1420 Nil
351 1377 402 1420 me
419 1357 569 1432 curassis,
585 1357 741 1439 inquam:
765 1375 827 1437 ego
843 1355 923 1418 mihi
939 1357 1132 1438 provider0;

178 1467 240 1544 Tu,
257 1480 293 1533 ut
308 1469 474 1552 occepisti,
490 1480 618 1534 tantum
632 1479 791 1552 quantum
809 1469 893 1551 quis,
910 1466 1009 1551 suge3
1140 1519 1156 1558 f

176 1579 290 1663 Atque
308 1582 487 1646 Herculem
502 1582 679 1645 invocabis.
731 1581 800 1645 TH.
828 1581 999 1657 Hercules,
1017 1593 1050 1644 te
1065 1581 1203 1646 invoco!

182 1693 249 1758 TR.
268 1693 312 1758 Et
329 1714 401 1776 eg0,
417 1695 476 1758 tibi
492 1694 589 1758 hodie
605 1704 641 1758 ut
658 1695 722 1770 det,
739 1716 847 1770 senex,
865 1714 1023 1778 magnum
1040 1693 1171 1759 malum.
1191 1705 1224 1764 95

178 1805 260 1869 Proh
278 1807 312 1869 di
329 1807 537 1882 immortales,
554 1828 692 1890 opsecro
708 1821 851 1872 vostram
868 1809 977 1885 fidem,

177 1918 267 2001 Quid
282 1940 345 2002 ego
361 1919 460 1984 hodie
474 1921 586 2004 negoti
603 1919 727 1984 confeci
746 1921 888 1985 malum!

630 2211 767 2239 -400-

398 2444 580 2520 Acrvs
620 2401 690 2519 nr.
744 2445 927 2520 senua
967 2445 993 2520 1.

365 2657 534 2722 Dnmsnn.
580 2658 838 2724 Tnnvnoprons
885 2659 1030 2722 Tnnmo.

169 2843 244 2909 DA.
293 2843 521 2910 Scelestiorem
540 2866 602 2928 ego
618 2865 741 2909 annum
759 2856 896 2928 argento
912 2844 1036 2908 faenori

170 2958 359 3041 Numquam
376 2959 478 3022 ullum
494 2958 571 3036 vidi,
587 2980 685 3042 quam
703 2961 756 3023 hic
772 2959 852 3022 mihi
869 2941 974 3021 annus
990 2955 1120 3040 optigit.

171 3069 204 3132 A
220 3071 308 3134 mani
325 3072 365 3133 ad
383 3082 515 3134 noctem
532 3092 636 3154 usque
654 3073 684 3133 in
703 3069 771 3134 soro
787 3073 872 3152 dego
889 3071 997 3147 diem;

171 3182 297 3246 Loeare
314 3183 442 3265 argenti
459 3183 582 3246 nemini
601 3203 735 3246 numum
754 3205 845 3266 queo.

174 3294 242 3360 TR.
268 3295 367 3359 Nunc
382 3295 436 3378 pol
452 3316 514 3376 ego
530 3295 609 3377 perii
626 3297 724 3378 plane
740 3297 773 3358 in
791 3307 984 3379 perpetuom
1000 3294 1154 3358 modum:
1204 3301 1218 3360 5

119 3387 125 3397 ’
169 3407 310 3472 Danista
325 3409 418 3472 adest
434 3410 489 3491 qui
506 3409 597 3472 dedit
615 3407 802 3492 [argentum
821 3407 958 3490 faenori]

169 3518 236 3602 Qui
252 3521 357 3584 amica
372 3531 424 3584 est
440 3531 561 3603 empta,
577 3541 707 3604 quoque
725 3520 822 3604 [opus
839 3521 871 3584 in
890 3529 1041 3603 sumptus
1057 3517 1143 3600 fuitJ.
