<?xml version="1.0" encoding="UTF-8"?>
<!DOCTYPE html PUBLIC "-//W3C//DTD XHTML 1.0 Transitional//EN"
    "http://www.w3.org/TR/xhtml1/DTD/xhtml1-transitional.dtd">
<html xmlns="http://www.w3.org/1999/xhtml" xml:lang="en" lang="en">
 <head>
  <title>
</title>
<meta http-equiv="Content-Type" content="text/html;charset=utf-8" />
  <meta name='ocr-system' content='tesseract 3.04.00' />
  <meta name='ocr-capabilities' content='ocr_page ocr_carea ocr_par ocr_line ocrx_word'/>
</head>
<body>
  <div class='ocr_page' id='page_1' title='image "./mostellariaplau00morrgoog_0033.png"; bbox 0 0 2810 4062; ppageno 0'>
   <div class='ocr_carea' id='block_1_1' title="bbox 150 246 973 392">
    <p class='ocr_par' dir='ltr' id='par_1_1' title="bbox 150 246 973 392">
     <span class='ocr_line' id='line_1_1' title="bbox 150 246 973 392; baseline -0.029 -21"><span class='ocrx_word' id='word_1_1' title='bbox 150 374 160 392; x_wconf 61' lang='lat'>‚</span> <span class='ocrx_word' id='word_1_2' title='bbox 201 248 335 386; x_wconf 32' lang='lat' dir='ltr'>‚4²ss</span> <span class='ocrx_word' id='word_1_3' title='bbox 359 277 449 385; x_wconf 44' lang='lat'><strong><em>⁶...-</em></strong></span> <span class='ocrx_word' id='word_1_4' title='bbox 467 246 674 390; x_wconf 49' lang='lat' dir='ltr'>‡&#39;&#39;,i&gt;&#39;qu‚121</span> <span class='ocrx_word' id='word_1_5' title='bbox 700 298 973 350; x_wconf 72' lang='lat' dir='ltr'>Mosruunannt.</span> 
     </span>
    </p>
   </div>
   <div class='ocr_carea' id='block_1_2' title="bbox 152 443 1288 1904">
    <p class='ocr_par' dir='ltr' id='par_1_2' title="bbox 127 441 818 562">
     <span class='ocr_line' id='line_1_2' title="bbox 152 443 818 562; baseline 0 -18"><span class='ocrx_word' id='word_1_6' title='bbox 152 443 211 523; x_wconf 51' lang='lat'>‘⁸²3</span> <span class='ocrx_word' id='word_1_7' title='bbox 230 451 666 556; x_wconf 51' lang='lat' dir='ltr'>{birric&#39;aiiemite&#39;lllfe&#39;ritiei</span> <span class='ocrx_word' id='word_1_8' title='bbox 690 479 818 562; x_wconf 89' lang='lat' dir='ltr'>pascite</span> 
     </span>
    </p>

    <p class='ocr_par' dir='ltr' id='par_1_3' title="bbox 232 591 873 674">
     <span class='ocr_line' id='line_1_3' title="bbox 232 591 873 674; baseline 0.002 -19"><span class='ocrx_word' id='word_1_9' title='bbox 232 591 418 656; x_wconf 88' lang='lat' dir='ltr'>Parasitos:</span> <span class='ocrx_word' id='word_1_10' title='bbox 442 601 604 674; x_wconf 88' lang='lat' dir='ltr'>opsonate</span> <span class='ocrx_word' id='word_1_11' title='bbox 619 591 873 672; x_wconf 84' lang='lat' dir='ltr'>pollucibiliter!</span> 
     </span>
    </p>

    <p class='ocr_par' dir='ltr' id='par_1_4' title="bbox 233 702 1282 1016">
     <span class='ocr_line' id='line_1_4' title="bbox 233 702 1223 786; baseline -0.001 -18"><span class='ocrx_word' id='word_1_12' title='bbox 233 703 385 768; x_wconf 85' lang='lat' dir='ltr'>Haecine</span> <span class='ocrx_word' id='word_1_13' title='bbox 401 702 569 766; x_wconf 88' lang='lat' dir='ltr'>mandavit</span> <span class='ocrx_word' id='word_1_14' title='bbox 585 702 653 776; x_wconf 92' lang='lat' dir='ltr'>tibi,</span> <span class='ocrx_word' id='word_1_15' title='bbox 670 723 769 786; x_wconf 92' lang='lat' dir='ltr'>quorn</span> <span class='ocrx_word' id='word_1_16' title='bbox 786 724 924 785; x_wconf 85' lang='lat' dir='ltr'>peregre</span> <span class='ocrx_word' id='word_1_17' title='bbox 940 703 1017 767; x_wconf 91' lang='lat' dir='ltr'>hinc</span> <span class='ocrx_word' id='word_1_18' title='bbox 1034 704 1081 780; x_wconf 93' lang='lat' dir='ltr'>iit,</span> <span class='ocrx_word' id='word_1_19' title='bbox 1097 702 1223 768; x_wconf 85' lang='lat' dir='ltr'>senex?</span> 
     </span>
     <span class='ocr_line' id='line_1_5' title="bbox 233 811 1282 883; baseline 0.003 -3"><span class='ocrx_word' id='word_1_20' title='bbox 233 815 366 880; x_wconf 86' lang='lat' dir='ltr'>Hocine</span> <span class='ocrx_word' id='word_1_21' title='bbox 382 816 481 879; x_wconf 91' lang='lat' dir='ltr'>modo</span> <span class='ocrx_word' id='word_1_22' title='bbox 497 813 552 878; x_wconf 91' lang='lat' dir='ltr'>hic</span> <span class='ocrx_word' id='word_1_23' title='bbox 568 835 637 878; x_wconf 92' lang='lat' dir='ltr'>rem</span> <span class='ocrx_word' id='word_1_24' title='bbox 653 826 801 878; x_wconf 90' lang='lat' dir='ltr'>curatam</span> <span class='ocrx_word' id='word_1_25' title='bbox 818 811 965 879; x_wconf 86' lang='lat' dir='ltr'>offendet</span> <span class='ocrx_word' id='word_1_26' title='bbox 982 817 1098 880; x_wconf 90' lang='lat' dir='ltr'>suam?</span> <span class='ocrx_word' id='word_1_27' title='bbox 1250 825 1282 883; x_wconf 80' lang='lat'>²5</span> 
     </span>
     <span class='ocr_line' id='line_1_6' title="bbox 233 925 1019 1016; baseline -0.001 -24"><span class='ocrx_word' id='word_1_28' title='bbox 233 927 366 992; x_wconf 89' lang='lat' dir='ltr'>Hocine</span> <span class='ocrx_word' id='word_1_29' title='bbox 382 927 460 992; x_wconf 93' lang='lat' dir='ltr'>boni</span> <span class='ocrx_word' id='word_1_30' title='bbox 476 946 550 992; x_wconf 91' lang='lat' dir='ltr'>esse</span> <span class='ocrx_word' id='word_1_31' title='bbox 566 925 709 991; x_wconf 87' lang='lat' dir='ltr'>officium</span> <span class='ocrx_word' id='word_1_32' title='bbox 728 927 813 990; x_wconf 89' lang='lat' dir='ltr'>servi</span> <span class='ocrx_word' id='word_1_33' title='bbox 823 927 1019 1016; x_wconf 83' lang='lat' dir='ltr'>existumas,</span> 
     </span>
    </p>

    <p class='ocr_par' dir='ltr' id='par_1_5' title="bbox 231 1037 968 1120">
     <span class='ocr_line' id='line_1_7' title="bbox 231 1037 968 1120; baseline -0.003 -17"><span class='ocrx_word' id='word_1_34' title='bbox 231 1039 278 1103; x_wconf 92' lang='lat' dir='ltr'>Vt</span> <span class='ocrx_word' id='word_1_35' title='bbox 296 1038 367 1104; x_wconf 93' lang='lat' dir='ltr'>heri</span> <span class='ocrx_word' id='word_1_36' title='bbox 384 1039 435 1103; x_wconf 91' lang='lat' dir='ltr'>sui</span> <span class='ocrx_word' id='word_1_37' title='bbox 451 1048 639 1120; x_wconf 90' lang='lat' dir='ltr'>corrumpat</span> <span class='ocrx_word' id='word_1_38' title='bbox 656 1047 690 1102; x_wconf 93' lang='lat' dir='ltr'>et</span> <span class='ocrx_word' id='word_1_39' title='bbox 706 1058 774 1102; x_wconf 91' lang='lat' dir='ltr'>rern</span> <span class='ocrx_word' id='word_1_40' title='bbox 792 1049 825 1101; x_wconf 91' lang='lat' dir='ltr'>et</span> <span class='ocrx_word' id='word_1_41' title='bbox 841 1037 968 1101; x_wconf 87' lang='lat' dir='ltr'>filium?</span> 
     </span>
    </p>

    <p class='ocr_par' dir='ltr' id='par_1_6' title="bbox 232 1147 1271 1347">
     <span class='ocr_line' id='line_1_8' title="bbox 232 1147 1271 1234; baseline 0 -19"><span class='ocrx_word' id='word_1_42' title='bbox 232 1151 324 1234; x_wconf 30' lang='lat' dir='ltr'>Nam·</span> <span class='ocrx_word' id='word_1_43' title='bbox 336 1171 399 1232; x_wconf 88' lang='lat' dir='ltr'>ego</span> <span class='ocrx_word' id='word_1_44' title='bbox 416 1150 505 1213; x_wconf 88' lang='lat' dir='ltr'>illum</span> <span class='ocrx_word' id='word_1_45' title='bbox 523 1160 713 1232; x_wconf 88' lang='lat' dir='ltr'>corruptum</span> <span class='ocrx_word' id='word_1_46' title='bbox 731 1151 825 1224; x_wconf 92' lang='lat' dir='ltr'>duco,</span> <span class='ocrx_word' id='word_1_47' title='bbox 842 1170 940 1232; x_wconf 91' lang='lat' dir='ltr'>quorn</span> <span class='ocrx_word' id='word_1_48' title='bbox 958 1150 1009 1214; x_wconf 94' lang='lat' dir='ltr'>his</span> <span class='ocrx_word' id='word_1_49' title='bbox 1025 1147 1123 1215; x_wconf 82' lang='lat' dir='ltr'>factis</span> <span class='ocrx_word' id='word_1_50' title='bbox 1140 1150 1271 1228; x_wconf 88' lang='lat' dir='ltr'>studet;</span> 
     </span>
     <span class='ocr_line' id='line_1_9' title="bbox 233 1261 1102 1347; baseline -0.002 -19"><span class='ocrx_word' id='word_1_51' title='bbox 233 1263 310 1347; x_wconf 86' lang='lat' dir='ltr'>Quo</span> <span class='ocrx_word' id='word_1_52' title='bbox 325 1283 423 1327; x_wconf 90' lang='lat' dir='ltr'>nemo</span> <span class='ocrx_word' id='word_1_53' title='bbox 438 1263 587 1345; x_wconf 89' lang='lat' dir='ltr'>adaeque</span> <span class='ocrx_word' id='word_1_54' title='bbox 603 1261 776 1327; x_wconf 90' lang='lat' dir='ltr'>iuventute</span> <span class='ocrx_word' id='word_1_55' title='bbox 790 1281 831 1326; x_wconf 88' lang='lat' dir='ltr'>ex</span> <span class='ocrx_word' id='word_1_56' title='bbox 846 1262 936 1326; x_wconf 88' lang='lat' dir='ltr'>omni</span> <span class='ocrx_word' id='word_1_57' title='bbox 952 1262 1071 1328; x_wconf 87' lang='lat' dir='ltr'>Attica</span> <span class='ocrx_word' id='word_1_58' title='bbox 1100 1290 1102 1300; x_wconf 54' lang='lat'><em>*</em></span> 
     </span>
    </p>

    <p class='ocr_par' dir='ltr' id='par_1_7' title="bbox 232 1374 1287 1572">
     <span class='ocr_line' id='line_1_10' title="bbox 232 1374 1287 1469; baseline 0.001 -30"><span class='ocrx_word' id='word_1_59' title='bbox 232 1376 388 1440; x_wconf 88' lang='lat' dir='ltr'>Antehac</span> <span class='ocrx_word' id='word_1_60' title='bbox 404 1384 455 1438; x_wconf 88' lang='lat' dir='ltr'>est</span> <span class='ocrx_word' id='word_1_61' title='bbox 472 1374 605 1469; x_wconf 83' lang='lat' dir='ltr'>habitus</span> <span class='ocrx_word' id='word_1_62' title='bbox 621 1393 740 1455; x_wconf 90' lang='lat' dir='ltr'>parcus</span> <span class='ocrx_word' id='word_1_63' title='bbox 757 1395 819 1438; x_wconf 87' lang='lat' dir='ltr'>nec</span> <span class='ocrx_word' id='word_1_64' title='bbox 834 1374 941 1456; x_wconf 87' lang='lat' dir='ltr'>magis</span> <span class='ocrx_word' id='word_1_65' title='bbox 957 1375 1142 1452; x_wconf 74' lang='lat' dir='ltr'>continens</span> <span class='ocrx_word' id='word_1_66' title='bbox 1253 1386 1287 1440; x_wconf 88' lang='lat'>30</span> 
     </span>
     <span class='ocr_line' id='line_1_11' title="bbox 233 1481 1014 1572; baseline 0 -20"><span class='ocrx_word' id='word_1_67' title='bbox 233 1487 267 1552; x_wconf 91' lang='lat' dir='ltr'>Is</span> <span class='ocrx_word' id='word_1_68' title='bbox 284 1481 420 1571; x_wconf 88' lang='lat' dir='ltr'>nuncin</span> <span class='ocrx_word' id='word_1_69' title='bbox 439 1485 536 1550; x_wconf 86' lang='lat' dir='ltr'>aliam</span> <span class='ocrx_word' id='word_1_70' title='bbox 555 1487 841 1572; x_wconf 85' lang='lat' dir='ltr'>partem-palmam¹</span> <span class='ocrx_word' id='word_1_71' title='bbox 858 1487 1014 1568; x_wconf 89' lang='lat' dir='ltr'>possidet.</span> 
     </span>
    </p>

    <p class='ocr_par' dir='ltr' id='par_1_8' title="bbox 231 1595 969 1679">
     <span class='ocr_line' id='line_1_12' title="bbox 231 1595 969 1679; baseline -0.001 -16"><span class='ocrx_word' id='word_1_72' title='bbox 231 1599 366 1664; x_wconf 87' lang='lat' dir='ltr'>Virtute</span> <span class='ocrx_word' id='word_1_73' title='bbox 382 1599 414 1661; x_wconf 89' lang='lat' dir='ltr'>id</span> <span class='ocrx_word' id='word_1_74' title='bbox 431 1595 555 1661; x_wconf 84' lang='lat' dir='ltr'>facturn</span> <span class='ocrx_word' id='word_1_75' title='bbox 573 1609 630 1660; x_wconf 88' lang='lat' dir='ltr'>tua</span> <span class='ocrx_word' id='word_1_76' title='bbox 645 1607 679 1661; x_wconf 95' lang='lat' dir='ltr'>et</span> <span class='ocrx_word' id='word_1_77' title='bbox 695 1598 887 1679; x_wconf 83' lang='lat' dir='ltr'>magisterio</span> <span class='ocrx_word' id='word_1_78' title='bbox 903 1608 969 1664; x_wconf 92' lang='lat' dir='ltr'>tuo.</span> 
     </span>
    </p>

    <p class='ocr_par' dir='ltr' id='par_1_9' title="bbox 232 1709 1288 1904">
     <span class='ocr_line' id='line_1_13' title="bbox 237 1709 1288 1792; baseline 0 -18"><span class='ocrx_word' id='word_1_79' title='bbox 237 1711 268 1774; x_wconf 87' lang='lat' dir='ltr'><em>T</em></span> <span class='ocrx_word' id='word_1_80' title='bbox 264 1713 307 1775; x_wconf 88' lang='lat' dir='ltr'>R.</span> <span class='ocrx_word' id='word_1_81' title='bbox 325 1710 414 1792; x_wconf 84' lang='lat' dir='ltr'>Quid</span> <span class='ocrx_word' id='word_1_82' title='bbox 425 1710 493 1785; x_wconf 88' lang='lat' dir='ltr'>tibi,</span> <span class='ocrx_word' id='word_1_83' title='bbox 505 1709 637 1785; x_wconf 90' lang='lat' dir='ltr'>malum,</span> <span class='ocrx_word' id='word_1_84' title='bbox 648 1729 710 1783; x_wconf 89' lang='lat' dir='ltr'>me,</span> <span class='ocrx_word' id='word_1_85' title='bbox 721 1720 779 1772; x_wconf 92' lang='lat' dir='ltr'>aut</span> <span class='ocrx_word' id='word_1_86' title='bbox 789 1710 868 1792; x_wconf 91' lang='lat' dir='ltr'>quid</span> <span class='ocrx_word' id='word_1_87' title='bbox 879 1730 941 1791; x_wconf 85' lang='lat' dir='ltr'>ego</span> <span class='ocrx_word' id='word_1_88' title='bbox 954 1731 1059 1792; x_wconf 84' lang='lat' dir='ltr'>agam,</span> <span class='ocrx_word' id='word_1_89' title='bbox 1070 1711 1196 1775; x_wconf 88' lang='lat' dir='ltr'>curatio</span> <span class='ocrx_word' id='word_1_90' title='bbox 1215 1709 1288 1776; x_wconf 87' lang='lat' dir='ltr'>est?</span> 
     </span>
     <span class='ocr_line' id='line_1_14' title="bbox 232 1821 1078 1904; baseline -0.002 -18"><span class='ocrx_word' id='word_1_91' title='bbox 232 1822 289 1886; x_wconf 90' lang='lat' dir='ltr'>An</span> <span class='ocrx_word' id='word_1_92' title='bbox 307 1822 383 1896; x_wconf 91' lang='lat' dir='ltr'>ruri,</span> <span class='ocrx_word' id='word_1_93' title='bbox 402 1841 535 1904; x_wconf 85' lang='lat' dir='ltr'>quaeso,</span> <span class='ocrx_word' id='word_1_94' title='bbox 551 1841 617 1884; x_wconf 91' lang='lat' dir='ltr'>non</span> <span class='ocrx_word' id='word_1_95' title='bbox 635 1831 722 1895; x_wconf 90' lang='lat' dir='ltr'>sunt,</span> <span class='ocrx_word' id='word_1_96' title='bbox 739 1840 823 1902; x_wconf 91' lang='lat' dir='ltr'>quos</span> <span class='ocrx_word' id='word_1_97' title='bbox 839 1841 944 1896; x_wconf 80' lang='lat' dir='ltr'>cureS,</span> <span class='ocrx_word' id='word_1_98' title='bbox 961 1821 1078 1884; x_wconf 84' lang='lat' dir='ltr'>bovis?</span> 
     </span>
    </p>
   </div>
   <div class='ocr_carea' id='block_1_3' title="bbox 148 1933 1391 2016">
    <p class='ocr_par' dir='ltr' id='par_1_10' title="bbox 148 1933 1391 2016">
     <span class='ocr_line' id='line_1_15' title="bbox 148 1933 1391 2016; baseline 0.001 -19"><span class='ocrx_word' id='word_1_99' title='bbox 148 1943 150 1948; x_wconf 85' lang='lat'>&#39;</span> <span class='ocrx_word' id='word_1_100' title='bbox 234 1934 343 1998; x_wconf 91' lang='lat' dir='ltr'>Lubet</span> <span class='ocrx_word' id='word_1_101' title='bbox 359 1943 482 2016; x_wconf 88' lang='lat' dir='ltr'>potare,</span> <span class='ocrx_word' id='word_1_102' title='bbox 498 1951 617 2006; x_wconf 87' lang='lat' dir='ltr'>amare,</span> <span class='ocrx_word' id='word_1_103' title='bbox 635 1941 745 1995; x_wconf 89' lang='lat' dir='ltr'>scorta</span> <span class='ocrx_word' id='word_1_104' title='bbox 760 1933 900 1997; x_wconf 89' lang='lat' dir='ltr'>ducere:</span> <span class='ocrx_word' id='word_1_105' title='bbox 1252 1943 1287 1998; x_wconf 80' lang='grc'>35</span> <span class='ocrx_word' id='word_1_106' title='bbox 1390 1999 1391 2004; x_wconf 68' lang='grc'>,</span> 
     </span>
    </p>
   </div>
   <div class='ocr_carea' id='block_1_4' title="bbox 234 2042 1390 3580">
    <p class='ocr_par' dir='ltr' id='par_1_11' title="bbox 234 2042 919 2128">
     <span class='ocr_line' id='line_1_16' title="bbox 234 2042 919 2128; baseline -0.006 -18"><span class='ocrx_word' id='word_1_107' title='bbox 234 2046 303 2110; x_wconf 90' lang='lat' dir='ltr'>Mei</span> <span class='ocrx_word' id='word_1_108' title='bbox 319 2045 404 2128; x_wconf 83' lang='lat' dir='ltr'>tergi</span> <span class='ocrx_word' id='word_1_109' title='bbox 420 2043 506 2109; x_wconf 89' lang='lat' dir='ltr'>lacio</span> <span class='ocrx_word' id='word_1_110' title='bbox 522 2044 614 2117; x_wconf 89' lang='lat' dir='ltr'>haec,</span> <span class='ocrx_word' id='word_1_111' title='bbox 631 2062 697 2106; x_wconf 89' lang='lat' dir='ltr'>non</span> <span class='ocrx_word' id='word_1_112' title='bbox 714 2042 772 2116; x_wconf 90' lang='lat' dir='ltr'>tui,</span> <span class='ocrx_word' id='word_1_113' title='bbox 788 2042 919 2108; x_wconf 88' lang='lat' dir='ltr'>fiducia.</span> 
     </span>
    </p>

    <p class='ocr_par' dir='ltr' id='par_1_12' title="bbox 236 2139 1390 2362">
     <span class='ocr_line' id='line_1_17' title="bbox 236 2139 1289 2240; baseline -0.002 -18"><span class='ocrx_word' id='word_1_114' title='bbox 236 2157 307 2222; x_wconf 87' lang='lat' dir='ltr'>GR.</span> <span class='ocrx_word' id='word_1_115' title='bbox 333 2156 441 2240; x_wconf 86' lang='lat' dir='ltr'>Quam</span> <span class='ocrx_word' id='word_1_116' title='bbox 476 2155 683 2221; x_wconf 89' lang='lat' dir='ltr'>confidenter</span> <span class='ocrx_word' id='word_1_117' title='bbox 716 2154 882 2238; x_wconf 88' lang='lat' dir='ltr'>loquitur!</span> <span class='ocrx_word' id='word_1_118' title='bbox 927 2153 1005 2221; x_wconf 83' lang='lat' dir='ltr'>luel</span> <span class='ocrx_word' id='word_1_119' title='bbox 1066 2139 1134 2221; x_wconf 87' lang='lat' dir='ltr'>TR.</span> <span class='ocrx_word' id='word_1_120' title='bbox 1166 2154 1217 2220; x_wconf 86' lang='lat' dir='ltr'>At</span> <span class='ocrx_word' id='word_1_121' title='bbox 1253 2165 1289 2220; x_wconf 91' lang='lat' dir='ltr'>te</span> 
     </span>
     <span class='ocr_line' id='line_1_18' title="bbox 323 2253 1390 2362; baseline 0.001 -30"><span class='ocrx_word' id='word_1_122' title='bbox 323 2269 472 2350; x_wconf 90' lang='lat' dir='ltr'>Iuppiter</span> <span class='ocrx_word' id='word_1_123' title='bbox 904 2357 907 2362; x_wconf 24' lang='grc' dir='ltr'>Ι</span> <span class='ocrx_word' id='word_1_124' title='bbox 1389 2253 1390 2260; x_wconf 26' lang='lat'>¹</span> 
     </span>
    </p>

    <p class='ocr_par' dir='ltr' id='par_1_13' title="bbox 234 2379 979 2464">
     <span class='ocr_line' id='line_1_19' title="bbox 234 2379 979 2464; baseline 0.001 -20"><span class='ocrx_word' id='word_1_125' title='bbox 234 2381 346 2464; x_wconf 91' lang='lat' dir='ltr'>Dique</span> <span class='ocrx_word' id='word_1_126' title='bbox 361 2401 477 2444; x_wconf 90' lang='lat' dir='ltr'>omnes</span> <span class='ocrx_word' id='word_1_127' title='bbox 495 2381 634 2462; x_wconf 90' lang='lat' dir='ltr'>perdant</span> <span class='ocrx_word' id='word_1_128' title='bbox 649 2402 657 2445; x_wconf 91' lang='lat'><strong>:</strong></span> <span class='ocrx_word' id='word_1_129' title='bbox 687 2379 843 2446; x_wconf 91' lang='lat' dir='ltr'>oboluisti</span> <span class='ocrx_word' id='word_1_130' title='bbox 858 2381 979 2457; x_wconf 87' lang='lat' dir='ltr'>allium,</span> 
     </span>
    </p>

    <p class='ocr_par' dir='ltr' id='par_1_14' title="bbox 235 2492 1066 2584">
     <span class='ocr_line' id='line_1_20' title="bbox 235 2492 1066 2584; baseline 0 -27"><span class='ocrx_word' id='word_1_131' title='bbox 235 2493 400 2558; x_wconf 87' lang='lat' dir='ltr'>Germana</span> <span class='ocrx_word' id='word_1_132' title='bbox 416 2492 564 2567; x_wconf 89' lang='lat' dir='ltr'>inluvies,</span> <span class='ocrx_word' id='word_1_133' title='bbox 580 2492 731 2566; x_wconf 83' lang='lat' dir='ltr'>rusticus,</span> <span class='ocrx_word' id='word_1_134' title='bbox 748 2492 870 2568; x_wconf 92' lang='lat' dir='ltr'>hircus,</span> <span class='ocrx_word' id='word_1_135' title='bbox 886 2494 967 2584; x_wconf 84' lang='lat' dir='ltr'>bara</span> <span class='ocrx_word' id='word_1_136' title='bbox 987 2492 1066 2569; x_wconf 73' lang='lat' dir='ltr'>suis</span> 
     </span>
    </p>

    <p class='ocr_par' dir='ltr' id='par_1_15' title="bbox 235 2603 1325 2687">
     <span class='ocr_line' id='line_1_21' title="bbox 235 2603 1325 2687; baseline -0.002 -19"><span class='ocrx_word' id='word_1_137' title='bbox 235 2604 344 2669; x_wconf 92' lang='lat' dir='ltr'>Canes</span> <span class='ocrx_word' id='word_1_138' title='bbox 361 2625 459 2687; x_wconf 91' lang='lat' dir='ltr'>capra</span> <span class='ocrx_word' id='word_1_139' title='bbox 474 2605 672 2669; x_wconf 87' lang='lat' dir='ltr'>commixta!</span> <span class='ocrx_word' id='word_1_140' title='bbox 722 2604 794 2668; x_wconf 87' lang='lat' dir='ltr'>GR.</span> <span class='ocrx_word' id='word_1_141' title='bbox 822 2603 911 2687; x_wconf 86' lang='lat' dir='ltr'>Quid</span> <span class='ocrx_word' id='word_1_142' title='bbox 926 2605 977 2669; x_wconf 93' lang='lat' dir='ltr'>vis</span> <span class='ocrx_word' id='word_1_143' title='bbox 993 2605 1088 2670; x_wconf 83' lang='lat' dir='ltr'>fieri?</span> <span class='ocrx_word' id='word_1_144' title='bbox 1253 2617 1325 2671; x_wconf 84' lang='lat'>40.</span> 
     </span>
    </p>

    <p class='ocr_par' dir='ltr' id='par_1_16' title="bbox 235 2716 1046 2798">
     <span class='ocr_line' id='line_1_22' title="bbox 235 2716 1046 2798; baseline 0 -18"><span class='ocrx_word' id='word_1_145' title='bbox 235 2717 312 2781; x_wconf 92' lang='lat' dir='ltr'>Non</span> <span class='ocrx_word' id='word_1_146' title='bbox 329 2737 445 2780; x_wconf 90' lang='lat' dir='ltr'>omnes</span> <span class='ocrx_word' id='word_1_147' title='bbox 462 2719 601 2797; x_wconf 89' lang='lat' dir='ltr'>possunt</span> <span class='ocrx_word' id='word_1_148' title='bbox 617 2716 705 2781; x_wconf 88' lang='lat' dir='ltr'>olere</span> <span class='ocrx_word' id='word_1_149' title='bbox 721 2726 893 2798; x_wconf 88' lang='lat' dir='ltr'>unguenta</span> <span class='ocrx_word' id='word_1_150' title='bbox 908 2717 1046 2793; x_wconf 89' lang='lat' dir='ltr'>exotica,</span> 
     </span>
    </p>

    <p class='ocr_par' dir='ltr' id='par_1_17' title="bbox 235 2828 1255 2910">
     <span class='ocr_line' id='line_1_23' title="bbox 235 2828 1255 2910; baseline 0.002 -17"><span class='ocrx_word' id='word_1_151' title='bbox 235 2829 271 2894; x_wconf 90' lang='lat' dir='ltr'>Si</span> <span class='ocrx_word' id='word_1_152' title='bbox 287 2839 324 2892; x_wconf 92' lang='lat' dir='ltr'>tu</span> <span class='ocrx_word' id='word_1_153' title='bbox 340 2828 428 2904; x_wconf 84' lang='lat' dir='ltr'>oles3</span> <span class='ocrx_word' id='word_1_154' title='bbox 460 2848 568 2910; x_wconf 90' lang='lat' dir='ltr'>neque</span> <span class='ocrx_word' id='word_1_155' title='bbox 584 2828 732 2909; x_wconf 89' lang='lat' dir='ltr'>superior</span> <span class='ocrx_word' id='word_1_156' title='bbox 747 2848 844 2910; x_wconf 85' lang='lat' dir='ltr'>quarn</span> <span class='ocrx_word' id='word_1_157' title='bbox 862 2829 962 2892; x_wconf 91' lang='lat' dir='ltr'>herus</span> <span class='ocrx_word' id='word_1_158' title='bbox 978 2829 1183 2904; x_wconf 88' lang='lat' dir='ltr'>accumbere,</span> <span class='ocrx_word' id='word_1_159' title='bbox 1253 2833 1255 2838; x_wconf 82' lang='grc'><strong>’</strong></span> 
     </span>
    </p>

    <p class='ocr_par' dir='ltr' id='par_1_18' title="bbox 235 2937 1220 3024">
     <span class='ocr_line' id='line_1_24' title="bbox 235 2937 1220 3024; baseline 0.001 -21"><span class='ocrx_word' id='word_1_160' title='bbox 235 2940 354 3024; x_wconf 87' lang='lat' dir='ltr'>Neque</span> <span class='ocrx_word' id='word_1_161' title='bbox 370 2951 438 3002; x_wconf 89' lang='lat' dir='ltr'>tam</span> <span class='ocrx_word' id='word_1_162' title='bbox 453 2937 581 3013; x_wconf 84' lang='lat' dir='ltr'>facetis,</span> <span class='ocrx_word' id='word_1_163' title='bbox 597 2959 694 3022; x_wconf 90' lang='lat' dir='ltr'>quam</span> <span class='ocrx_word' id='word_1_164' title='bbox 712 2949 748 3002; x_wconf 92' lang='lat' dir='ltr'>tu</span> <span class='ocrx_word' id='word_1_165' title='bbox 764 2939 857 3013; x_wconf 89' lang='lat' dir='ltr'>vivis,</span> <span class='ocrx_word' id='word_1_166' title='bbox 872 2940 1025 3005; x_wconf 90' lang='lat' dir='ltr'>victibus.</span> <span class='ocrx_word' id='word_1_167' title='bbox 1217 2942 1220 2944; x_wconf 78' lang='grc'><strong>’</strong></span> 
     </span>
    </p>

    <p class='ocr_par' dir='ltr' id='par_1_19' title="bbox 235 3050 1004 3132">
     <span class='ocr_line' id='line_1_25' title="bbox 235 3050 1004 3132; baseline 0.003 -18"><span class='ocrx_word' id='word_1_168' title='bbox 235 3053 288 3114; x_wconf 91' lang='lat' dir='ltr'>Tu</span> <span class='ocrx_word' id='word_1_169' title='bbox 304 3051 364 3115; x_wconf 90' lang='lat' dir='ltr'>tibi</span> <span class='ocrx_word' id='word_1_170' title='bbox 380 3051 461 3115; x_wconf 91' lang='lat' dir='ltr'>istos</span> <span class='ocrx_word' id='word_1_171' title='bbox 478 3051 601 3114; x_wconf 84' lang='lat' dir='ltr'>habeas</span> <span class='ocrx_word' id='word_1_172' title='bbox 617 3059 772 3124; x_wconf 87' lang='lat' dir='ltr'>turtures,</span> <span class='ocrx_word' id='word_1_173' title='bbox 789 3051 900 3132; x_wconf 89' lang='lat' dir='ltr'>piscis,</span> <span class='ocrx_word' id='word_1_174' title='bbox 916 3050 1004 3130; x_wconf 91' lang='lat' dir='ltr'>avis;</span> 
     </span>
    </p>

    <p class='ocr_par' dir='ltr' id='par_1_20' title="bbox 237 3157 906 3243">
     <span class='ocr_line' id='line_1_26' title="bbox 237 3157 906 3243; baseline 0 -17"><span class='ocrx_word' id='word_1_175' title='bbox 237 3163 317 3226; x_wconf 90' lang='lat' dir='ltr'>Sine</span> <span class='ocrx_word' id='word_1_176' title='bbox 332 3181 385 3225; x_wconf 90' lang='lat' dir='ltr'>me</span> <span class='ocrx_word' id='word_1_177' title='bbox 401 3161 512 3225; x_wconf 88' lang='lat' dir='ltr'>alliato</span> <span class='ocrx_word' id='word_1_178' title='bbox 526 3158 622 3243; x_wconf 85' lang='lat' dir='ltr'>fungi</span> <span class='ocrx_word' id='word_1_179' title='bbox 636 3157 788 3225; x_wconf 85' lang='lat' dir='ltr'>fortunas</span> <span class='ocrx_word' id='word_1_180' title='bbox 804 3182 906 3226; x_wconf 88' lang='lat' dir='ltr'>meas.</span> 
     </span>
    </p>

    <p class='ocr_par' dir='ltr' id='par_1_21' title="bbox 235 3272 1038 3354">
     <span class='ocr_line' id='line_1_27' title="bbox 235 3272 1038 3354; baseline 0.004 -17"><span class='ocrx_word' id='word_1_181' title='bbox 235 3276 288 3338; x_wconf 91' lang='lat' dir='ltr'>Tu</span> <span class='ocrx_word' id='word_1_182' title='bbox 302 3272 491 3338; x_wconf 81' lang='lat' dir='ltr'>fortunatus</span> <span class='ocrx_word' id='word_1_183' title='bbox 504 3293 512 3349; x_wconf 86' lang='lat'>;</span> <span class='ocrx_word' id='word_1_184' title='bbox 536 3293 599 3354; x_wconf 87' lang='lat' dir='ltr'>ego</span> <span class='ocrx_word' id='word_1_185' title='bbox 615 3272 726 3338; x_wconf 89' lang='lat' dir='ltr'>miser.</span> <span class='ocrx_word' id='word_1_186' title='bbox 774 3273 935 3338; x_wconf 80' lang='lat' dir='ltr'>Patiunda</span> <span class='ocrx_word' id='word_1_187' title='bbox 950 3285 1038 3340; x_wconf 90' lang='lat' dir='ltr'>sunt.</span> 
     </span>
    </p>

    <p class='ocr_par' dir='ltr' id='par_1_22' title="bbox 237 3385 1026 3458">
     <span class='ocr_line' id='line_1_28' title="bbox 237 3385 1026 3458; baseline 0.003 -8"><span class='ocrx_word' id='word_1_188' title='bbox 237 3387 350 3450; x_wconf 90' lang='lat' dir='ltr'>Meum</span> <span class='ocrx_word' id='word_1_189' title='bbox 366 3385 490 3449; x_wconf 87' lang='lat' dir='ltr'>bonurn</span> <span class='ocrx_word' id='word_1_190' title='bbox 506 3403 568 3458; x_wconf 89' lang='lat' dir='ltr'>me,</span> <span class='ocrx_word' id='word_1_191' title='bbox 584 3395 619 3448; x_wconf 88' lang='lat' dir='ltr'>te</span> <span class='ocrx_word' id='word_1_192' title='bbox 634 3393 729 3448; x_wconf 90' lang='lat' dir='ltr'>tuum</span> <span class='ocrx_word' id='word_1_193' title='bbox 746 3397 878 3449; x_wconf 89' lang='lat' dir='ltr'>maneat</span> <span class='ocrx_word' id='word_1_194' title='bbox 894 3388 1026 3452; x_wconf 85' lang='lat' dir='ltr'>malurn.</span> 
     </span>
    </p>

    <p class='ocr_par' dir='ltr' id='par_1_23' title="bbox 242 3495 1080 3580">
     <span class='ocr_line' id='line_1_29' title="bbox 242 3495 1080 3580; baseline 0.002 -20"><span class='ocrx_word' id='word_1_195' title='bbox 242 3499 272 3560; x_wconf 87' lang='lat' dir='ltr'><em>T</em></span> <span class='ocrx_word' id='word_1_196' title='bbox 267 3500 311 3562; x_wconf 88' lang='lat' dir='ltr'>R.</span> <span class='ocrx_word' id='word_1_197' title='bbox 336 3496 441 3580; x_wconf 83' lang='lat' dir='ltr'>Quasi</span> <span class='ocrx_word' id='word_1_198' title='bbox 456 3496 603 3560; x_wconf 91' lang='lat' dir='ltr'>invidere</span> <span class='ocrx_word' id='word_1_199' title='bbox 618 3495 699 3559; x_wconf 89' lang='lat' dir='ltr'>mihi</span> <span class='ocrx_word' id='word_1_200' title='bbox 716 3496 778 3560; x_wconf 91' lang='lat' dir='ltr'>hoc</span> <span class='ocrx_word' id='word_1_201' title='bbox 793 3497 913 3574; x_wconf 89' lang='lat' dir='ltr'>videre,</span> <span class='ocrx_word' id='word_1_202' title='bbox 932 3498 1080 3574; x_wconf 89' lang='lat' dir='ltr'>Grumio,</span> 
     </span>
    </p>
   </div>
   <div class='ocr_carea' id='block_1_5' title="bbox 0 0 1417 4062">
    <p class='ocr_par' dir='ltr' id='par_1_24' title="bbox 0 0 1417 4062">
     <span class='ocr_line' id='line_1_30' title="bbox 0 0 1417 4062; baseline 0 0"><span class='ocrx_word' id='word_1_203' title='bbox 0 0 1417 4062; x_wconf 95' lang='lat' dir='ltr'> </span> 
     </span>
    </p>
   </div>
  </div>
 </body>
</html>
