2810 4062
181 299 227 366 62
494 315 625 365 rcnv‘n
653 313 921 365 nosrmrnnm.

184 493 255 557 Nos
271 488 431 568 dabimus,
448 512 508 555 nos
523 489 738 565 conferemus,
755 501 867 554 nostro
884 501 1029 572 sumptu,
1047 511 1111 555 non
1129 502 1194 557 tu0.

186 606 258 672 TH.
283 606 359 670 Non
387 606 494 689 potuit
520 605 632 668 venire
659 617 768 668 orator
790 603 896 685 magis
923 605 965 667 ad
988 623 1042 668 me
1065 605 1229 687 inpetrab-

311 719 373 794 iliS,
1054 755 1055 760 ¹
1193 749 1229 799 40

183 845 292 927 Quam
315 855 371 908 tu:
404 864 510 927 neque
532 843 579 907 ilii
605 863 677 906 sum
702 843 812 918 iratus,
833 863 941 926 neque
962 843 1135 928 quicquam
1158 867 1229 910 sus-

311 977 450 1042 censeo,

182 1071 253 1134 Imo
269 1091 322 1133 me
337 1085 509 1152 praesente
524 1081 643 1144 amato,
659 1067 771 1144 bibito,
789 1067 885 1132 facito
902 1070 988 1152 quod
1004 1069 1102 1134 lubet.

181 1182 217 1246 Si
233 1183 296 1246 hoc
311 1182 420 1264 pudet,
437 1179 553 1246 fecisse
569 1193 745 1262 sumptum,
761 1179 899 1263 supplici
916 1182 1021 1245 habeo
1037 1181 1126 1246 satis

182 1293 248 1359 CA.
272 1294 446 1375 Dispudet.
498 1292 566 1356 TR.
591 1293 659 1356 Dat
682 1292 778 1356 istam
798 1293 937 1356 veniam.
984 1293 1073 1376 Quid
1096 1313 1149 1356 me
1174 1291 1228 1355 fiet

310 1405 505 1468 nunciam?
705 1473 708 1480 ,

185 1517 255 1582 ΤΗ.
279 1517 490 1593 Verberibus,
504 1518 617 1591 lutum,
628 1519 763 1581 caedere
776 1513 942 1599 pendens!
995 1516 1026 1578 T
1020 1519 1061 1581 R.
1087 1517 1230 1580 Tamen-

309 1629 372 1692 etsi
389 1629 514 1710 pudet?
1195 1639 1228 1692 45

185 1740 255 1804 TH.
282 1741 474 1804 Interimam
499 1741 608 1805 hercle
635 1740 694 1824 [te]
723 1761 795 1822 ego,
812 1741 839 1804 si
855 1741 949 1805 vivo!
1005 1738 1071 1804 CA.
1097 1741 1164 1804 Fac
1190 1742 1230 1803 is-

311 1863 378 1916 tam
395 1865 546 1916 cunctam
564 1854 723 1934 gratiam:

181 1963 340 2028 Tranioni
357 1965 497 2039 remitte,
514 1978 643 2049 quaeso,
660 1965 890 2027 hanc-noxiam
907 1985 1006 2027 causa
1022 1985 1104 2029 mea.

184 2077 216 2139 T
211 2076 255 2146 H.
280 2077 383 2141 Aliud
400 2078 528 2162 quidvis
545 2077 700 2159 inpetrari
716 2097 735 2139 a
752 2097 804 2139 me
819 2074 946 2140 facilius
963 2074 1134 2158 perieram,

183 2189 293 2272 Quam
310 2201 345 2254 ut
361 2210 427 2254 non
444 2209 507 2272 ego
523 2190 620 2253 istum
638 2209 697 2270 pro
713 2189 780 2251 suis
804 2185 898 2250 saetis
921 2188 1081 2269 pessumis
1096 2209 1229 2270 pessum

265 2383 270 2395 1
311 2319 467 2381 premam.

183 2409 249 2476 CA.
274 2411 381 2485 Mitte,
398 2431 529 2494 quaeso,
553 2409 669 2473 istunc.
722 2408 794 2472 ΤΗ.
823 2409 920 2484 Hem,
936 2407 1052 2484 viden’,
1069 2419 1105 2473 ut
1128 2420 1232 2472 restat

311 2522 467 2586 furcifer?
1199 2533 1233 2588 50

184 2635 248 2701 CA.
273 2636 404 2712 Tranio,
432 2636 572 2720 quiesce,
598 2635 625 2697 si
654 2634 752 2716 sapis,
804 2633 875 2697 TH.
908 2633 961 2696 Tu
989 2633 1120 2716 quiesce
1147 2634 1233 2698 hanc

197 2793 200 2798 -
285 2770 379 2812 ¹rem
396 2748 494 2812 modo

185 2863 299 2925 Petere
313 2881 320 2938 ;
344 2879 406 2943 ego
423 2861 513 2924 illum
529 2861 729 2937 verberibus,
747 2870 783 2925 ut
800 2860 842 2923 sit
858 2860 999 2944 quietus,
1016 2859 1184 2941 subegero.

184 2973 249 3038 CA.
275 2974 366 3037 Nihil
393 2994 476 3054 opus
502 2983 554 3036 est
584 2971 739 3054 profecto.
793 2971 870 3054 Age
901 2971 975 3047 iam,
1003 2971 1074 3036 sine
1098 2973 1153 3035 ted
1180 2993 1234 3036 ex-

313 3086 441 3151 orarier.
545 3100 553 3128 ’ν

188 3197 259 3262 ΤΗ.
286 3197 372 3262 ΝοΙο
399 3219 479 3262 ores.
528 3196 596 3262 CA.
635 3197 767 3280 Quaeso
795 3196 912 3262 hercle.
963 3195 1033 3261 TH.
1065 3196 1160 3272 Nolo,
1186 3195 1235 3259 in-

313 3332 420 3395 quam,
437 3331 516 3375 ores.
565 3309 631 3375 CA.
658 3309 867 3393 Nequiquam
884 3309 997 3373 nevis:

186 3424 283 3488 Hanc
309 3425 406 3488 modo
428 3424 558 3490 noxiam
583 3443 692 3495 unam,
715 3443 846 3506 quaeso,
872 3423 1033 3507 [missam]
1059 3420 1109 3487 fac
1134 3431 1234 3487 causa

315 3557 397 3602 mea.
581 3587 595 3602 ,
880 3555 881 3558 ’
943 3579 944 3582 =
1202 3547 1233 3600 55
