2810 4062
462 291 579 344 xcrvs
607 293 629 345 r.
680 293 800 345 scaux
827 294 850 346 1.
1163 293 1182 366 5

132 468 220 554 Quia
235 468 316 534 mihi
331 469 416 536 bene
431 481 491 545 est,
506 481 540 534 et
555 470 615 536 tibi
631 470 716 534 male
731 481 794 534 est.
840 469 1093 553 Dignissumum
1109 481 1170 535 est.

131 584 238 646 Decet
256 603 308 646 me
324 603 443 658 amare,
466 594 501 646 et
517 593 550 646 te
566 582 822 660 bubulcitarier;
1152 593 1186 648 50

131 694 188 758 Me
204 695 353 759 victitare
369 695 489 776 pulcre,
507 705 539 758 te
556 694 683 759 miseris
698 695 813 759 modis.

131 805 205 870 GR.
233 806 264 870 O
281 806 495 870 carnuficium
512 807 666 882 cribrum,
681 807 770 888 quod
786 806 884 870 credo
899 803 991 871 sore:

131 919 184 982 Ita
200 930 234 983 te
250 917 403 983 forabunt
419 918 638 1001 patibulatum
655 939 713 1000 per
728 919 797 982 vias

132 1030 295 1107 Stimulis,
312 1031 338 1094 si
356 1031 420 1094 huc
436 1030 583 1094 reveniat
600 1029 882 1114 [quamprimum]
901 1050 1008 1094 senex.

132 1140 165 1204 T
161 1142 205 1207 R.
230 1143 296 1226 Qui
316 1143 391 1219 sciS,
407 1163 449 1206 an
467 1143 526 1207 tibi
542 1141 628 1205 istuc
645 1143 775 1206 eveniat
790 1142 880 1224 prius
896 1163 992 1225 quam
1010 1141 1117 1205 mihi?
1150 1153 1182 1208 55

130 1251 208 1317 GR.
234 1254 322 1337 Quia
338 1275 516 1338 numquam
533 1253 659 1317 merui:
682 1265 718 1317 tu
735 1253 891 1332 meruisti,
908 1264 941 1317 et
957 1274 1046 1318 nunc
1062 1273 1178 1320 meres

133 1366 165 1429 T
160 1366 204 1429 R.
232 1355 402 1430 Orationis
418 1387 549 1448 operam
567 1365 744 1447 compendi
759 1362 838 1441 sace,

130 1477 206 1542 Nisi
222 1488 256 1542 te
272 1478 358 1542 mala
374 1499 409 1542 re
425 1498 546 1562 magna
561 1479 698 1543 mactari
713 1477 819 1560 cupis.

130 1588 202 1654 GR.
229 1589 351 1654 Ervom
368 1589 508 1654 daturin'
524 1590 615 1667 estis,
630 1590 739 1654 bubus
755 1590 841 1672 quod
857 1586 985 1653 feram?

128 1700 215 1764 Date
231 1722 286 1764 aes
302 1700 329 1764 si
345 1722 411 1766 non
427 1701 515 1767 estis.
561 1701 674 1784 Agite,
691 1722 788 1783 porro
804 1701 940 1784 pergite,
1069 1731 1095 1736 ··
1148 1697 1184 1752 60

131 1811 297 1895 Quoniam
315 1813 512 1896 occepistisi
535 1814 657 1879 bibite!
681 1809 962 1896 pergraecamini!

129 1925 230 1989 Este!
255 1925 399 1990 effercite
415 1927 491 1990 vos!
516 1927 663 2009 saginam
681 1927 807 1991 caedite
823 1927 829 1990 !

133 2036 163 2098 T
159 2037 203 2100 R.
228 2038 318 2101 Tace
334 2049 433 2120 atque
451 2038 503 2101 abi
520 2058 597 2102 rus:
620 2059 682 2120 ego
698 2037 745 2102 ire
761 2039 794 2101 in
812 2038 962 2102 Piraeum
978 2037 1063 2114 volO,

127 2147 169 2211 In
184 2169 359 2232 vesperum
376 2169 490 2231 parare
507 2151 668 2231 piscatum
684 2150 773 2214 mihi.

128 2260 251 2324 Ervom
268 2261 329 2325 tibi
345 2261 462 2344 aliquis
478 2281 551 2324 cras
567 2257 641 2326 saxo
657 2263 699 2325 ad
714 2260 824 2325 villam
841 2257 975 2325 adferat.
1145 2255 1179 2328 65

127 2372 217 2455 Quid
234 2373 308 2436 est?
331 2373 409 2456 quid
425 2384 462 2437 tu
478 2395 530 2436 me
547 2395 635 2437 nunc
651 2388 796 2456 optuere,
813 2371 967 2439 furcifer?

129 2483 201 2548 GR.
227 2483 284 2549 Pol
301 2485 360 2548 tibi
377 2485 462 2548 istuc
477 2487 577 2549 credo
592 2507 712 2549 nomen
729 2497 877 2551 actutum
894 2483 971 2550 sore.
1071 2548 1073 2552 ,

132 2595 162 2658 T
158 2595 200 2660 R.
225 2597 316 2659 Dum
331 2596 458 2660 interea
474 2596 521 2660 sic
537 2596 590 2672 sit,
606 2596 691 2660 istuc
707 2596 895 2660 ‘actutum’
912 2596 993 2660 sino.

129 2707 201 2771 GR.
227 2707 280 2771 Ita
294 2717 366 2785 est;
390 2709 447 2772 sed
464 2728 565 2771 unum
584 2709 645 2772 hoc
661 2707 751 2784 scito,
769 2707 871 2772 nimio
887 2708 1027 2772 celerius

127 2818 252 2883 Venire
267 2821 354 2902 quod
371 2819 545 2884 molestum
561 2831 621 2895 est,
638 2840 735 2902 quam
753 2820 833 2883 illud
849 2820 936 2902 quod
952 2831 1054 2902 petas.
1145 2829 1179 2884 70

134 2930 199 2993 TR.
225 2930 386 2994 Molestus
405 2952 444 2994 ne
461 2930 523 2994 sis:
547 2932 714 2995 nunciam
732 2933 741 2994 i
759 2953 821 3007 rus,
839 2942 871 2995 te
888 2952 1011 2996 amove.

129 3041 180 3105 Ne
196 3052 232 3105 tu
248 3062 346 3119 erres,
363 3042 480 3118 hercle,
498 3043 690 3124 praeterhac
707 3043 786 3106 mihi
803 3065 869 3106 non
887 3041 987 3108 iacies
1003 3063 1137 3109 moram.

131 3153 201 3216 GR.
229 3152 334 3240 Satin’
349 3153 440 3229 abiit,
457 3175 572 3237 neque,
589 3157 677 3237 quod
693 3154 768 3228 dixi,
782 3154 875 3218 flocci
892 3155 1092 3220 existumat?

131 3264 214 3328 Proh
231 3265 265 3328 di
279 3263 479 3342 inmortales,
495 3286 632 3347 opsecro
647 3277 789 3330 vostram
806 3267 916 3342 fidem,

129 3375 253 3452 Facite,
269 3375 334 3440 huc
349 3387 386 3440 ut
402 3377 515 3440 redeat
532 3387 644 3442 noster
659 3398 757 3460 quam
774 3379 914 3459 primum
931 3397 1040 3455 senex,
1146 3386 1179 3444 75

127 3487 320 3552 Triennium
336 3488 393 3571 qui
409 3487 473 3552 iam
490 3488 569 3552 hinc
583 3488 687 3565 abest,
703 3489 894 3572 priusquam
911 3489 1022 3554 omnia
