2810 4062
179 270 227 341 34
491 231 622 319 Pinvn
650 243 918 321 MOST'ELLARIA.

182 446 250 510 TR.
277 446 349 510 Dic.
401 445 471 510 TH.
497 445 640 527 Egone?
690 447 758 513 TR.
793 448 846 512 Tu
872 447 973 530 ipsus
1021 447 1086 511 Dic
1114 447 1229 514 modo!

307 558 457 621 ausculta
474 557 574 622 mihi!

177 669 355 743 Promitte!
371 691 442 752 age,
455 671 605 752 inquam:
621 690 683 752 ego
694 671 798 736 iubeo
844 672 874 734 T
870 671 913 735 H.
935 673 1115 754 Responde
1128 671 1208 734 mihi
1222 694 1230 736 :

177 779 267 863 Quid
290 800 330 844 eo
353 774 405 842 est
429 790 567 862 argento
590 777 740 858 sactum?
792 781 858 845 TR.
889 781 1021 845 Salvom
1045 793 1103 845 est.
1156 780 1228 846 ΤΗ.

307 891 432 956 Solvite
862 896 866 900 '

174 1003 314 1068 Vosmet
331 1004 439 1086 igitur,
457 1004 484 1067 si
501 1003 625 1068 salvom
643 1015 701 1068 est.
754 1005 785 1067 T
782 1006 823 1069 R.
849 1004 962 1068 Aedes
979 1005 1065 1068 lilius

174 1115 268 1180 Tuus
299 1117 387 1180 emit.
450 1116 520 1180 TH.
554 1116 686 1180 Aedis?
749 1117 816 1181 TR.
852 1117 965 1181 Aedis,
1027 1116 1097 1180 TH.
1123 1117 1228 1198 Euge,

307 1228 511 1292 Philolaches
918 1210 920 1214 ,
1180 1239 1227 1293 105

176 1339 352 1404 Patrissat!
376 1340 440 1403 iam
457 1341 556 1404 homo
571 1339 605 1402 in
625 1352 810 1405 mercatura
825 1341 973 1404 vortitur.

173 1451 253 1514 Ain’
270 1463 315 1527 tu,
331 1452 447 1515 aedis?
498 1453 528 1515 Τ
523 1453 565 1516 R.
590 1452 705 1529 Aedis,
723 1453 864 1536 inquam.
913 1453 980 1516 Sed
997 1451 1086 1528 scin',
1098 1452 1229 1535 quoius·

306 1564 420 1628 modi?
1180 1632 1184 1643 ,

179 1676 249 1740 ΤΗ.
275 1676 341 1759 Qui
372 1677 456 1740 scire
486 1676 633 1759 possim?
684 1673 755 1741 TR.
781 1677 878 1740 Vah!
930 1677 1003 1742 ΤΗ.
1033 1676 1123 1758 Quid
1154 1675 1228 1739 est?

310 1789 340 1851 Τ
337 1789 378 1852 R.
407 1789 460 1852 Ne
476 1810 528 1853 me
544 1810 635 1872 roga.

178 1900 249 1965 TH.
277 1901 363 1963 Nam
379 1901 457 1984 quid
475 1900 547 1964 ita?
598 1903 629 1965 Τ
625 1903 670 1965 R.
696 1901 839 1984 Speculo
855 1902 970 1975 claras,
987 1899 1145 1964 clarorem
1162 1919 1229 1962 me-

304 2034 384 2076 rum.
834 2073 838 2078 .

179 2125 250 2191 TH.
284 2126 375 2189 Bene
406 2124 515 2190 hercle
546 2123 691 2189 factum!
749 2125 862 2208 Quid?
896 2145 952 2188 eas
983 2124 1097 2207 quanti
1128 2123 1228 2186 desti-

303 2238 384 2301 nat?
1180 2245 1229 2285 ¹10

178 2349 209 2412 T
204 2349 247 2413 R.
272 2349 422 2414 Talentis
438 2349 569 2431 magnis
586 2349 733 2425 totidem,
750 2360 831 2433 quot
847 2369 909 2431 ego
926 2359 959 2412 et
976 2359 1011 2412 tu
1028 2369 1149 2412 sumus

173 2460 239 2525 Sed
255 2461 406 2525 arraboni
422 2463 482 2525 has
499 2462 590 2526 dedit
606 2463 825 2546 quadraginta
839 2461 953 2525 minas.

174 2573 265 2637 Hine
282 2573 432 2655 sumpsit,
449 2595 531 2658 quas
547 2574 578 2638 ei
593 2576 753 2638 dedimus.
784 2572 908 2638 'Satin’
925 2572 1112 2654 intellegis?

175 2677 260 2749 Nam
279 2701 454 2769 postquam
472 2687 573 2750 haece
589 2687 680 2750 aedis
697 2687 744 2750 ita
759 2695 863 2760 erant,
880 2697 916 2772 ut
932 2685 997 2775 dixi
1015 2685 1083 2760 tibi,

173 2797 341 2861 Continuo
357 2809 409 2862 est
424 2799 503 2864 alias
519 2799 610 2863 aedis
627 2809 790 2862 mercatus
807 2797 879 2862 sibi.
1180 2807 1227 2861 1¹5

176 2909 248 2974 TH.
274 2910 365 2974 Bene
389 2910 498 2974 hercle
522 2909 667 2978 sactum!
712 2911 789 2975 DA.
817 2911 920 2986 Heus,
937 2910 1001 2972 iam
1019 2908 1146 2991 adpetit
1164 2928 1228 2980 me

303 3022 410 3086 ridies

178 3131 249 3196 TR.
288 3134 436 3216 Apsolve
473 3133 572 3210 hunc,
607 3154 739 3217 quaeso,
774 3133 958 3209 vomitum;
996 3152 1040 3196 ne
1073 3131 1128 3196 hic
1166 3152 1226 3194 nos

302 3257 426 3311 enecet.

177 3356 250 3423 TH.
275 3357 495 3435 Adulescens,
519 3379 649 3423 mecum
673 3380 741 3427 rem
765 3359 858 3422 habe.
904 3357 981 3422 DA.
1014 3356 1144 3438 Nempe
1167 3376 1226 3438 aps

303 3483 336 3535 te
352 3471 488 3553 petam?
