2810 4062
206 309 254 378 42
507 277 639 356 ruxvrl
666 307 937 358 mosrruuxnrx.

205 483 255 546 Te
271 482 330 546 has
353 482 481 546 emisse.
529 483 605 546 Non
633 492 669 546 tu
693 483 784 547 vides
811 483 908 558 hunc,
924 483 1015 548 voltu
1036 495 1072 549 ut
1090 485 1177 550 tristi
1204 497 1257 552 est

335 593 463 658 senex?
1254 578 1258 583 Δ

210 705 280 770 TH.
311 705 426 770 Video.
478 705 509 767 T
505 706 546 768 R.
575 685 670 788 'Ergo
696 705 839 771 inridere
866 728 907 771 ne
925 709 1057 773 videa're
1074 721 1108 773 et
1131 711 1254 794 gestire

335 818 522 893 admodum,

203 928 281 992 Noli
296 926 402 993 lacere
420 929 632 1006 mentionem,
648 941 680 993 te
700 929 785 1012 [has]
804 931 930 995 emisse.
978 933 1009 993 T
1005 933 1047 996 H.
1082 933 1252 1017 Intellego,

202 1041 248 1106 Et
271 1042 356 1106 bene
381 1043 540 1106 monitum
566 1044 659 1120 duco,
676 1055 775 1126 atque
794 1055 826 1107 te
853 1045 1016 1108 existumo
1044 1046 1188 1109 humano
1204 1048 1253 1109 in-

333 1156 439 1237 genio.
1204 1169 1251 1224 125

202 1265 292 1350 Quid
317 1268 430 1330 nunc?
478 1269 529 1331 Sl.
565 1267 655 1349 Quin
683 1277 719 1330 tu
738 1267 766 1330 is
790 1265 901 1332 intro?
925 1280 1022 1351 atque
1050 1269 1155 1333 otiose
1180 1291 1252 1352 per-

331 1388 453 1462 specta,
471 1390 507 1442 ut
522 1379 621 1442 lubet.

205 1489 279 1553 TH.
312 1491 402 1555 Bene
426 1491 633 1574 benigneque
649 1491 790 1555 arbitror
804 1503 838 1555 te
860 1489 975 1556 facere.
1023 1492 1073 1556 SI.
1109 1493 1249 1557 Factum

234 1581 236 1584 Ι
330 1604 447 1686 edepol
463 1603 544 1669 volo

205 1716 236 1778 T
232 1717 272 1780 R.
304 1716 422 1780 Viden'
447 1716 643 1780 vestibulum
672 1729 749 1780 ante
765 1717 856 1780 aedis
881 1717 942 1780 hoc
958 1729 990 1780 et
1015 1718 1250 1788 ambulacrum,

331 1827 564 1911 quoiusmodi?

204 1939 274 2003 TH.
307 1940 528 2003 Luculentum
556 1940 670 2021 edepol
698 1937 865 2022 prolecto!
916 1940 983 2004 TR.
1017 1941 1103 2024 Age,
1126 1953 1249 2024 specta,

329 2063 441 2134 postes
457 2050 675 2134 quoiusrnodi,

200 2163 336 2248 Quanta
351 2164 506 2227 firmitate
522 2160 611 2238 lacti,
627 2173 661 2226 et
677 2175 800 2246 quanta
815 2163 1054 2228 crassitudine!
1202 2178 1250 2230 ¹30

203 2277 274 2341 TH.
307 2277 384 2340 Non
414 2276 527 2339 videor
556 2275 679 2338 vidisse
709 2276 812 2357 postis
850 2276 1036 2357 pulcriores.
1099 2277 1151 2342 Sl.
1193 2279 1249 2342 Pol

328 2388 410 2451 mihi

199 2501 249 2563 Eo
273 2500 378 2582 pretio
404 2500 508 2582 empti
538 2497 668 2562 fuerant
692 2499 778 2562 olim.
830 2499 897 2564 TR.
929 2499 1052 2563 Audin’
1082 2499 1248 2567 ‘fuerant'

371 2613 503 2676 dicere?

199 2725 262 2788 Vix
291 2725 422 2788 videtur
451 2724 620 2787 continere
652 2723 821 2786 lacrumas.
888 2724 960 2787 TH.
994 2725 1120 2807 Quanti
1150 2726 1249 2789 hosce
1357 2793 1361 2804 ,

328 2836 479 2900 emeras?

200 2949 251 3013 sl.
286 2948 362 3012 Tris
379 2948 484 3010 minas
500 2969 559 3029 pro
576 2947 647 3010 istis
663 2949 792 3010 duobus
811 2958 941 3029 praeter
956 2960 1124 3012 vecturam
1141 2949 1225 3030 dedi.

203 3061 273 3124 TH.
306 3059 428 3123 Hercle
459 3059 538 3142 quin
569 3060 709 3122 multum
750 3059 953 3141 inprobiores
986 3071 1071 3138 sunt,
1102 3081 1198 3143 quam
1230 3081 1249 3122 a

328 3167 433 3252 primo
449 3171 581 3235 credidi.
1201 3184 1247 3237 135

203 3284 270 3346 TR.
302 3283 537 3365 Quapropter?
587 3281 658 3346 TH.
692 3282 778 3365 Quia
803 3284 919 3366 edepol
942 3284 1039 3348 ambo
1060 3285 1101 3349 ab
1124 3282 1248 3348 insumo

328 3407 449 3457 tarmes
465 3405 563 3459 secat.

203 3508 233 3570 T
228 3508 269 3571 R.
302 3506 558 3589 Intempestivos
574 3506 701 3570 excisos
717 3508 835 3584 credo;
861 3507 892 3570 id
910 3508 957 3570 eis
973 3507 1086 3571 vitium
1105 3520 1209 3572 nocet.
