2810 4062
444 315 561 366 ACTVS
589 317 612 367 1.
663 315 784 367 SCENA
811 317 849 368 11.

121 493 236 558 Aedes
252 514 352 577 quom
369 493 534 576 externplo
550 502 628 558 sunt
643 501 788 576 paratae,
803 491 975 574 expolitae,

122 606 245 670 Factae
261 605 373 688 probe,
389 603 606 668 examussim:

122 717 278 782 Laudant
301 715 428 781 fabrum
444 727 543 799 atque
559 718 656 779 aedes
680 717 820 798 probant
834 737 841 792 ;
865 715 928 780 sibi
944 714 1082 799 quisque
1099 714 1177 778 inde

252 830 437 911 exemplum
454 838 620 910 expetunt.

124 940 197 1006 Sibi
213 941 349 1024 quisque
366 941 480 1016 simile,
497 961 556 1004 suo
573 960 678 1023 usque
693 950 826 1022 sumptu
840 960 847 1015 ;
870 959 1003 1021 operam
1022 960 1085 1002 non
1104 959 1177 1022 par-

253 1066 333 1116 cunt
349 1073 452 1116 suam.
1142 1063 1177 1102 20

121 1161 238 1246 Atque
253 1162 309 1225 ubi
325 1161 380 1224 illo
396 1160 552 1242 inmigrat
569 1181 710 1243 nequam
727 1161 825 1224 homo
841 1159 1085 1244 indiligensque

121 1257 207 1338 Cum
223 1273 318 1356 pigra
332 1271 462 1348 familia,
478 1273 665 1347 inmundus,
682 1273 891 1337 instrenuus:

123 1385 190 1450 Hic
215 1385 280 1448 iarn
306 1384 442 1448 aedibus
464 1384 578 1447 vitium
605 1384 745 1458 additur,
769 1384 876 1449 bonae
897 1405 998 1467 quom
1020 1395 1178 1450 curantur

251 1497 344 1560 male.

119 1607 236 1690 Atque
252 1607 331 1671 illud
349 1627 448 1689 saepe
464 1607 521 1670 fit:
544 1618 725 1688 tempestas
742 1608 843 1685 venit,

121 1717 308 1800 Confringit
324 1718 451 1800 tegulas
467 1718 704 1802 imbricesque:
727 1719 772 1782 ibi

122 1831 286 1895 Dominus
302 1831 477 1914 indiligens
493 1832 630 1894 reddere
646 1833 725 1895 alias
742 1832 861 1898 nevolt.

122 1935 225 1998 Venit
240 1935 352 2008 imber,
369 1934 448 1998 lavit
465 1935 624 2016 parietes:
648 1935 825 2018 perpluont

122 2045 233 2128 Tigna
247 2067 254 2122 ;
277 2043 452 2128 putrefacit
469 2066 525 2110 aer
539 2067 672 2128 operam
690 2045 794 2112 labri:

122 2158 269 2241 Nequior
284 2155 390 2221 factus
406 2158 470 2221 iam
487 2171 538 2222 est
554 2179 632 2222 usus
649 2159 779 2222 aedium
794 2179 802 2236 ;

120 2269 235 2352 Atque
251 2269 338 2332 haud
354 2279 405 2332 est
420 2257 503 2332 fabri
520 2270 624 2350 culpa.
672 2268 738 2334 Sed
756 2291 877 2353 magna
892 2291 967 2353 pars
1141 2283 1176 2338 30

121 2381 249 2444 Moram
267 2381 352 2444 hanc
368 2380 586 2444 induxerunt:
610 2380 638 2443 si
652 2381 732 2464 quid
748 2403 848 2446 numo
864 2381 979 2446 sarciri
993 2392 1112 2465 potest,
1153 2412 1155 2417 ·

119 2493 234 2574 Vsque
250 2504 409 2564 mantant,
427 2513 533 2575 neque
549 2492 581 2555 id
598 2491 731 2570 faciunt,
748 2495 903 2558 donicum

121 2604 266 2668 Parietes
283 2614 401 2668 ruont:
425 2603 642 2668 aedificantur
657 2607 755 2669 aedes
772 2617 861 2670 totae
877 2609 994 2671 denuo.

124 2720 219 2783 Haec
234 2732 426 2802 argumenta
443 2741 505 2802 ego
521 2721 679 2784 aedificiis
694 2722 761 2784 dixi
777 2743 785 2798 ;
809 2723 1013 2786 nuncetiam
1029 2722 1103 2787 volo

122 2832 252 2907 Dicere,
269 2842 304 2895 ut
320 2833 462 2895 bominis
480 2834 609 2896 aedium
627 2854 700 2896 esse
716 2833 830 2896 similis
845 2834 1058 2900 arbitremini.
1141 2847 1173 2902 35

124 2943 348 3006 Primumdum
365 2955 520 3025 parentes
537 2944 620 3008 labri
637 2945 775 3026 liberum
792 2957 869 3011 sunt

121 3055 164 3116 Et
181 3052 430 3118 fundamentum
448 3068 640 3138 supstruont
658 3058 855 3136 liberorum;

122 3165 301 3242 Extollunt,
317 3180 433 3249 parant
450 3170 563 3232 sedulo
580 3169 612 3230 in
632 3169 820 3233 firmitatem

120 3277 165 3340 Et
181 3287 218 3341 ut
234 3278 267 3341 in
284 3300 379 3364 usum
396 3279 474 3342 boni
491 3291 524 3343 et
540 3281 574 3342 in
591 3282 732 3362 speciem

121 3388 246 3471 Populo
262 3367 338 3467 sint,
355 3391 482 3474 sibique
497 3387 554 3455 aut
570 3393 726 3456 materiae
742 3413 784 3456 ne
800 3404 949 3476 parcunt,
1139 3405 1175 3457 40

119 3499 192 3564 Nec
209 3512 360 3584 sumptus
376 3503 420 3567 ibi
437 3505 584 3585 sumptui
600 3525 674 3568 esse
690 3506 825 3569 ducunt.
