2810 4062
187 261 235 332 30
503 243 634 323 rrnvrr
661 273 932 324 uosrnnsxnrx.

185 449 375 514 Manulesta
391 470 443 514 res
459 463 517 526 est,
534 451 597 513 nisi
613 452 700 533 quod
717 471 853 514 occurro
869 451 967 533 prius,
1063 457 1066 465 '

185 562 237 629 Ne
254 563 316 644 hoc
334 561 448 646 [nunc]
468 579 566 626 senex
582 565 746 627 resciscat.
794 564 854 627 Ibo
870 564 947 627 huic
963 565 1102 629 obviam.

185 676 251 740 Sed
268 677 424 759 quidnam
441 677 495 739 hic
511 696 582 739 sese
599 687 665 739 tarn
682 677 748 740 cito
764 677 880 758 recipit
897 676 1055 741 domurn?
1201 689 1234 730 10

185 789 309 863 Metuo,
326 811 367 853 ne
383 790 424 853 de
441 790 502 852 hac
519 810 553 852 re
569 789 737 871 quidpiam
754 789 982 855 indaudiverit.
1169 871 1171 875 Α

183 903 350 966 Accedam
368 914 467 985 atque
483 902 663 985 adpellabo.
711 901 786 978 Hei,
804 924 901 985 quam
919 903 1019 967 timeo
1036 903 1156 969 miser!
1180 933 1182 936 ·

184 1014 275 1079 Nihil
292 1027 342 1078 est
359 1014 517 1091 miserius,
535 1035 633 1097 quam
649 1014 778 1078 animus
794 1016 936 1079 hominis
952 1017 1114 1093 consciuS,

184 1127 278 1192 Sicut
294 1149 346 1191 me
363 1128 470 1192 habet.
516 1127 640 1191 Verum
658 1141 731 1192 utut
749 1150 801 1192 res
817 1151 890 1192 sese
906 1130 1015 1205 habet,
1089 1113 1091 1117 ’

184 1240 321 1323 Pergam
340 1242 471 1304 turbare
487 1262 602 1323 porro:
626 1241 672 1304 ita
688 1241 771 1305 haec
787 1262 839 1305 res
857 1243 1011 1325 postulat.
1201 1253 1231 1310 15

184 1352 282 1416 Vnde
295 1353 345 1417 is?
397 1355 428 1416 T
424 1354 469 1418 H.
488 1354 637 1422 Conveni
650 1355 751 1430 illum,
765 1356 852 1418 unde
865 1356 963 1419 hasce
975 1355 1065 1419 aedis
1078 1375 1230 1420 emeram.

188 1465 219 1529 Τ
214 1467 255 1530 R.
284 1467 453 1550 Numquid
469 1467 579 1530 dixisti
595 1468 637 1530 de
653 1467 716 1542 illo,
733 1469 819 1550 quod
837 1468 903 1530 dixi
920 1467 1004 1531 tibi?

188 1578 258 1644 ΤΗ.
283 1580 361 1643 Dixi
393 1579 502 1644 hercle
532 1600 609 1644 vero
642 1579 714 1663 [illi]
746 1580 865 1644 omnia.
916 1581 947 1642 T
943 1582 985 1645 R.
1009 1581 1082 1645 Vae
1112 1581 1232 1645 misero

251 1723 270 1759 ,·
314 1693 412 1756 mihi!

184 1805 307 1880 Metuo,
325 1827 367 1870 ne
382 1803 532 1870 techinae
549 1825 642 1868 meae
658 1816 818 1887 perpetuo
835 1805 1011 1887 perierint!
1046 1857 1047 1861 ,

188 1919 259 1982 ΤΗ.
286 1919 375 2001 Quid
406 1930 476 1982 tute
507 1920 640 2008 tecum?
700 1919 766 1984 TR.
803 1918 895 1982 Nihil
927 1919 1024 1984 enirn.
1082 1919 1148 1984 Sed
1179 1919 1232 1983 dic

313 2031 412 2096 mihi:
481 2029 482 2032 ¹
1198 2045 1232 2082 20

183 2145 330 2220 Dixtine,
347 2144 491 2227 quaeso?
542 2143 572 2206 T
567 2143 611 2208 H.
637 2143 723 2219 Dixi,
742 2143 885 2226 inquam,
902 2144 1018 2208 ordine
1034 2144 1152 2209 omnia.

188 2259 218 2320 T
215 2259 256 2322 R.
282 2258 391 2321 Etiam
407 2255 529 2321 latetur
544 2258 586 2320 de
602 2257 756 2338 hospite?
807 2256 881 2318 ΤΗ.
909 2257 981 2321 lmo
997 2270 1165 2340 pernegat.

188 2371 255 2435 ΤΚ.
281 2371 411 2452 Negat?
438 2369 528 2453 [TH.
554 2369 673 2451 Negat,
690 2369 835 2452 inquam.
889 2369 956 2434 TR.
983 2370 1067 2434 Perii
1085 2369 1229 2454 oppido]

313 2505 411 2566 quorn
428 2484 545 2564 cogito

184 2598 275 2680 [Non
292 2595 502 2678 confitetur?]
555 2594 585 2657 T
580 2594 625 2659 H.
651 2594 770 2658 Dicam
788 2595 814 2658 si
832 2593 1003 2660 confessus
1021 2597 1073 2660 sit.

184 2711 272 2794 Quid
298 2730 385 2772 nunc
412 2707 599 2771 faciundum
626 2708 768 2772 censes?
819 2709 850 2770 T
846 2709 887 2772 R.
919 2706 1025 2790 Egon'
1051 2709 1130 2792 quid
1156 2729 1231 2773 cen-

314 2822 427 2885 seam?
962 2809 969 2817 ·
1199 2832 1230 2886 25

184 2935 283 3017 Cape,
300 2954 437 3016 opsecro
454 2933 562 2998 hercle
580 2932 651 3016 [te],
667 2954 740 2996 cum
757 2954 797 2996 eo
813 2954 879 2997 una
895 2933 1035 2998 iudicem
1051 2954 1058 3012 ;

185 3048 250 3112 Sed
267 3069 341 3111 eum
358 3048 467 3110 videto
484 3057 519 3110 ut
536 3047 654 3130 capias,
672 3046 727 3129 qui
743 3047 854 3110 credat
871 3046 970 3110 mihi:

184 3162 267 3225 Tam
284 3159 378 3224 facile
393 3160 513 3234 vinces
530 3178 627 3241 quarn
646 3159 753 3240 pirum
770 3159 883 3240 volpes
901 3169 1036 3224 comest.

184 3275 258 3338 DA.
287 3273 352 3338 Sed
372 3271 603 3335 Philolachetis
619 3292 745 3335 servom
763 3292 875 3334 eccum
896 3272 1076 3360 Tranium3

188 3387 253 3470 Qui
272 3385 351 3449 mihi
368 3405 473 3468 neque
490 3382 603 3448 faenus
619 3405 726 3466 neque
743 3394 863 3447 sortem
882 3385 1009 3464 argenti
1025 3385 1162 3449 danunt.
1198 3395 1231 3448 30

190 3503 221 3565 Τ
217 3500 263 3564 H.
289 3499 365 3582 Quo
392 3509 426 3561 te
451 3497 544 3580 agis?
605 3497 670 3560 TR.
699 3496 771 3560 Nec
797 3517 963 3580 quoquam
990 3497 1231 3561 abeo-Nam

316 3634 378 3694 ego
394 3633 468 3676 sum
484 3611 593 3684 miser,
1209 3637 1213 3646 =
