2810 4062
202 269 249 341 28
511 271 641 339 schum
669 289 939 341 nosueucnum.

201 466 372 533 Interdum
386 465 498 550 inepte
514 467 634 531 stultus
650 487 693 532 es.
739 466 809 530 TH.
833 467 952 531 Taceo.
998 467 1065 533 ΤΚ.
1087 469 1152 534 Sed
1164 489 1250 546 ecce,

332 599 418 662 quae
433 579 487 643 ille
503 579 629 662 inquit:

201 692 306 775 “Ego
322 692 560 774 transmarinus
577 693 698 774 hospes
716 712 788 756 sum
805 684 1027 774 Diapontius3
1164 776 1166 782 .
1217 691 1250 762 65

204 805 270 869 Hic
286 806 419 882 habito;
444 807 525 869 haec
541 806 622 868 mihi
638 806 750 869 dedita
765 818 816 870 est
832 807 1012 871 habitatio:

202 917 290 982 Nam
307 937 360 982 me
377 917 604 982 Acheruntem
622 919 767 1000 recipere
784 918 892 983 Orcus
909 919 1022 994 noluit,

205 1031 292 1114 Quia
308 1041 515 1114 praemature
530 1031 598 1094 vita
614 1051 718 1095 careo.
768 1031 830 1095 Per
845 1031 943 1095 fidem
1103 1007 1108 1018 ⁸

203 1143 371 1227 Deceptus
387 1164 483 1208 sum:
506 1144 626 1226 hospes
643 1165 695 1207 me
712 1144 765 1208 hic
781 1144 920 1220 necavit,
934 1137 1031 1228 isque
1048 1163 1101 1209 me

204 1255 339 1322 Delodit
354 1255 556 1339 insepultum
575 1257 659 1320 clam
677 1256 709 1319 in
727 1257 818 1320 hisce
833 1257 981 1334 aedibus,
1220 1267 1255 1321 70

204 1370 380 1444 Scelestus‚
397 1368 466 1432 auri
483 1388 588 1433 causa.
638 1368 737 1433 Nunc
755 1381 789 1433 tu
807 1369 885 1433 hinc
901 1371 1045 1452 emigra:

204 1481 371 1548 Scelestae
388 1482 450 1544 hae
465 1493 542 1545 sunt
558 1467 665 1558 aedes,
682 1481 783 1564 impia
798 1493 848 1546 est
863 1482 1050 1547 habitati0.”
1217 1521 1270 1605 Ἀ,

205 1595 300 1678 Quae
316 1595 369 1658 hie
386 1605 533 1658 monstra
556 1595 648 1667 fiunt,
664 1614 752 1658 anno
767 1595 821 1657 vix
837 1615 972 1676 possum
989 1595 1106 1678 eloqui.

205 1709 254 1784 St,
278 1710 325 1772 st!
385 1708 454 1771 TH.
483 1707 581 1790 Quid,
604 1727 751 1789 opsecro,
775 1707 892 1784 herele,
916 1705 1037 1771 lactum
1063 1709 1137 1772 est?
1188 1708 1254 1772 TR.

335 1820 537 1902 Concrepuit
553 1817 637 1884 loris.

207 1933 329 1998 Hicine
356 1933 545 2020 percussit?
600 1933 671 1997 TH.
691 1931 845 1996 'Guttam
873 1932 961 1996 haud
993 1933 1099 1998 habeo
1124 1933 1257 2016 sangui·

336 2046 395 2109 nis.
1223 2057 1256 2113 75

205 2158 324 2224 Vivom
343 2179 395 2221 me
411 2170 585 2232 accersunt
600 2160 642 2223 ad
657 2158 889 2222 Acheruntem
906 2158 1035 2223 mortui.

212 2269 243 2332 T
238 2271 279 2334 R.
307 2269 411 2334 Perii!
437 2270 538 2334 illisce
554 2272 652 2335 hodie
667 2272 754 2335 hanc
771 2271 1015 2335 conturbabunt
1032 2270 1183 2336 fabulam.

208 2384 316 2446 Nimis
332 2404 430 2466 quam
446 2381 594 2459 formido,
611 2405 653 2448 ne
669 2382 853 2448 manufesto
870 2385 924 2448 hic
940 2404 993 2448 me
1009 2385 1181 2467 opprimat.

213 2496 243 2559 T
242 2496 284 2562 H.
310 2496 399 2579 Quid
416 2508 487 2560 tute
498 2507 611 2580 ,tecum
629 2497 782 2580 loquere?
832 2496 900 2562 TR.
926 2496 1081 2578 Apscede
1092 2499 1133 2560 ab
1150 2497 1254 2561 ianua.

209 2609 310 2692 Fuge,
337 2629 475 2691 opsecro
507 2609 633 2674 hercle!
685 2611 715 2673 T
712 2610 757 2673 H.
783 2610 859 2692 Quo
890 2609 1039 2692 lugiam?
1086 2609 1194 2674 Etiam
1220 2622 1257 2673 tu

338 2719 423 2803 suge.
715 2697 718 2702 ¹
1223 2722 1258 2774 80

214 2833 283 2898 ΤΚ.
308 2834 365 2897 Nil
380 2855 442 2916 ego
458 2833 616 2899 formido:
639 2855 702 2917 pax
718 2834 798 2898 mihi
814 2847 865 2898 est
881 2855 955 2899 cum
973 2835 1121 2900 mortuis.
1242 2907 1244 2912 ¹

215 2946 245 3009 T
240 2947 283 3010 H.
310 2947 414 3022 Heus
431 2947 572 3011 Tranio!
624 2948 654 3010 Τ
650 2948 692 3012 R.
719 2948 796 3011 Non
813 2969 866 3011 me
882 2948 1073 3030 appellabis,
1090 2949 1116 3012 si
1134 2948 1240 3031 sapis:

212 3058 304 3122 Nihil
320 3079 382 3141 ego
398 3060 586 3134 commerui,
604 3080 712 3142 neque
729 3061 810 3124 istas
828 3061 972 3142 percussi
989 3059 1081 3125 sores.

115 3241 117 3247 ¹
215 3172 245 3234 T
240 3172 285 3236 H.
311 3171 453 3256 Quaeso,
467 3173 544 3255 quid
561 3193 659 3254 aegre
671 3173 747 3236 est?
772 3193 923 3255 quaeres
940 3184 972 3236 te
985 3173 1096 3256 agitat,
1110 3172 1258 3239 Tranio?

210 3285 355 3368 Quicum
379 3285 480 3350 istaec
503 3284 662 3368 loquere?
712 3286 743 3348 Τ
740 3287 782 3350 R.
814 3286 882 3362 An,
905 3307 1036 3368 quaeso,
1059 3298 1095 3351 tu
1117 3287 1259 3372 appella·

341 3399 459 3463 veras?
1224 3401 1257 3469 85

211 3510 264 3574 Ita
278 3530 332 3576 me
348 3511 380 3576 di
396 3511 563 3586 amabunt,
580 3521 743 3576 mortuom
759 3510 851 3574 illum
868 3511 992 3575 credidi
