2810 4062
461 314 578 366 ncrvs
604 313 638 363 v.
693 311 813 362 scuni
839 311 876 364 11.
1147 312 1193 385 57

10 555 14 558 .
46 486 51 490 ⁸
147 492 305 555 Nostrum
322 510 385 572 ego
401 491 490 554 hunc
506 477 651 554 ¹ricinum
670 489 787 572 opinor
809 510 882 552 esse
904 487 1071 556 hominem
1095 489 1196 553 auda·

270 624 343 668 cern
360 615 393 668 et
410 603 541 666 malum.
1022 603 1029 616 '
1163 612 1193 670 15

16 702 20 706 ’
148 717 213 783 TR.
239 717 409 800 Quidum?
461 716 491 778 T
488 716 531 780 H.
557 715 625 797 Qui
648 728 749 797 negat
770 713 900 778 novisse
915 735 981 779 vos.
1034 715 1102 817 TR.
1128 715 1194 779 Ne·

270 830 353 913 gat?
405 829 474 892 TH.
500 828 573 892 Nec
589 849 647 892 vos
663 828 726 891 sibi

142 943 288 1007 Numum
312 961 467 1025 umquam
491 941 619 1022 argenti
643 941 781 1004 dedisse.
834 939 865 1002 T
860 940 901 1003 R.
927 939 1006 1016 Abi,
1022 939 1106 1004 ludis
1130 961 1193 1016 me,
1275 990 1277 994 -

268 1056 374 1119 eredo
423 1055 523 1118 Haud
541 1064 649 1135 negat.

145 1168 217 1232 TH.
244 1168 334 1251 Quid
361 1167 451 1230 iarn?
502 1167 571 1230 TR.
598 1166 685 1241 Scio,
712 1164 830 1230 iocaris
854 1186 944 1229 nunc
966 1176 1023 1230 tu:
1046 1185 1122 1229 narn
1138 1165 1193 1230 ille

267 1285 400 1369 quidem
418 1284 507 1346 haud
524 1293 635 1365 negat.
693 1305 695 1308 ’

144 1397 215 1461 ΤΗ.
240 1399 311 1461 Irno
334 1397 451 1478 edepol
472 1407 573 1479 negat
596 1393 765 1478 profect0;
788 1415 896 1478 neque
919 1415 956 1458 se
980 1395 1079 1459 hasce
1101 1394 1192 1460 aedis

269 1509 449 1573 Philolachi
549 1499 554 1508 ’

138 1621 349 1686 Vendidisse.
400 1622 431 1684 T
426 1623 468 1687 R.
494 1622 577 1695 Ebu,
590 1641 632 1685 an
648 1619 790 1702 negavit,
802 1619 865 1683 sibi
876 1621 991 1683 datum
1003 1630 1188 1703 argentum,

155 1769 158 1774 Δ
266 1735 426 1816 opsecro?
542 1762 547 1774 ·
1155 1745 1190 1785 20

142 1847 172 1910 T
167 1846 211 1912 H.
239 1845 328 1930 Quin
353 1846 580 1911 iusiurandum
604 1847 768 1929 pollicitus
791 1856 844 1910 est
864 1846 942 1908 dare
958 1865 1002 1921 se,
1019 1844 1047 1910 si
1062 1846 1190 1922 vellem,

267 1959 357 2034 mihi,

138 2073 255 2156 Neque
281 2093 317 2136 se
345 2074 445 2136 hasce
467 2073 558 2137 aedis
581 2073 779 2147 vendidisse,
796 2092 904 2155 neque
926 2071 990 2136 sibi
1013 2081 1188 2153 argentum

266 2186 379 2249 datum
396 2207 477 2251 esse.

136 2297 213 2361 Dixi
232 2319 294 2380 ego
316 2299 401 2362 istuc
421 2297 508 2362 idem
534 2299 587 2362 illi.
640 2299 708 2362 TR.
736 2298 826 2380 Quid
847 2297 919 2361 ait?
969 2296 1040 2361 TH.
1067 2295 1188 2360 Servos

265 2410 430 2492 pollicitus
447 2422 498 2475 est
513 2412 592 2474 dare

137 2523 221 2586 Suos
247 2523 329 2586 mihi
354 2543 468 2587 omnes
499 2523 692 2608 quaestioni.
744 2521 776 2584 T
771 2523 812 2586 R.
838 2518 975 2603 Nugas!
1008 2539 1187 2605 numquam

265 2636 382 2718 edepol
397 2636 497 2700 dabit.
764 2687 767 2692 ,
797 2625 800 2632 ’

142 2746 212 2813 ΤΗ.
238 2747 306 2811 Dat
332 2746 488 2830 proiecto.
542 2743 609 2814 TR.
634 2749 723 2833 Quin
748 2758 781 2812 et
805 2747 897 2810 illum
920 2745 954 2808 in
972 2745 1024 2810 ius
1039 2745 1116 2810 iube
1130 2747 1186 2812 ire.

271 2861 342 2926 TH.
368 2862 438 2924 lam
455 2881 570 2926 mane:
1152 2870 1186 2926 25

136 2973 302 3055 Experiar,
317 2986 353 3038 ut
369 2975 485 3056 opinor
497 2996 505 3052 ;
518 2976 653 3038 'certum
666 2984 718 3038 est
728 2971 817 3036 mihi
868 2971 899 3035 Τ
895 2971 937 3034 R.
964 2969 1076 3054 [Mihi]
1092 2970 1185 3056 [huc]

265 3086 431 3150 hominem
448 3088 550 3150 cedo!

140 3198 171 3260 Τ
166 3198 210 3263 Η.
235 3199 334 3282 Quid,
350 3200 378 3262 si
395 3199 496 3281 igitur
511 3219 573 3281 ego
589 3219 756 3263 accersam
779 3195 954 3262 homines?
1007 3196 1076 3260 TR.
1102 3197 1185 3262 Fac·

264 3320 334 3374 tum
350 3331 422 3376 esse
439 3311 502 3375 iarn
520 3311 673 3393 oportuit.

5 3489 6 3492 ,
132 3423 195 3486 Vel
219 3423 386 3486 hominem
410 3423 487 3488 iube
509 3423 600 3488 aedis
622 3421 797 3506 mancupio
818 3442 965 3505 poscere.
1016 3420 1086 3486 ΤΗ.
1112 3421 1184 3487 Imo

265 3537 328 3600 hoc
344 3536 485 3618 primum
501 3538 596 3601 volo:
