2810 4062
225 282 248 349 6
538 300 670 352 Punvrr
697 301 967 353 uosrnuunnm.

225 475 362 554 Periere,
379 488 412 540 et
428 476 519 540 aedis
536 488 569 541 et
585 498 672 559 ager.
719 478 786 561 Qui
802 479 865 542 nisi
881 480 945 545 huc
961 480 1056 557 redit,

224 587 406 652 Paucorum
423 609 571 652 mensum
590 600 669 652 sunt
684 591 820 655 relictae
836 592 1001 676 reliquiae.

223 699 322 763 Nunc
339 721 394 764 rus
411 699 529 764 abibo:
554 720 629 764 nam
646 721 760 765 eccum
777 703 913 767 herilem
931 703 1034 768 lilium

222 811 338 888 Video,
353 823 543 895 corruptum
560 832 600 877 ex
614 813 825 880 adulescente
840 828 986 900 optumo.

678 1092 817 1120 -Όοθ-

460 1328 643 1403 ACTVS
684 1331 712 1404 1.
767 1331 952 1407 SCENA
991 1333 1041 1408 ll.

623 1548 882 1614 Purcouncuus.

221 1706 427 1770 Recordatus
443 1705 584 1770 multum
601 1718 634 1770 et
650 1707 707 1770 diu
724 1707 875 1790 cogitavi,

219 1818 494 1901 Argumentaque
510 1818 543 1880 in
561 1829 676 1900 pectus
693 1819 796 1882 multa
811 1818 941 1882 institui

219 1929 303 2011 Ego,
321 1938 419 2012 atque
436 1929 469 1992 in
486 1950 559 1992 meo
576 1930 683 2015 corde,
700 1930 727 1991 si
744 1941 793 1991 est
811 1929 897 2011 quod
915 1927 994 1990 mihi
1010 1947 1076 2004 cor,

220 2042 304 2105 Eam
321 2063 390 2105 rem
406 2041 550 2105 volutavi
566 2053 599 2104 et
615 2041 670 2103 diu
687 2040 860 2122 disputavi,

221 2155 401 2218 Hominem
419 2155 536 2237 quoius
551 2152 607 2229 rei,
624 2154 755 2235 quando
771 2165 868 2216 natus
884 2161 947 2228 est,

220 2265 370 2331 Similem
387 2286 460 2330 esse
476 2265 652 2329 arbitrarer
667 2265 944 2348 simulacrumque
961 2263 1090 2353 habere.

221 2379 259 2441 Id
276 2378 405 2461 repperi
422 2378 486 2440 iam
503 2376 696 2459 exemplum.

221 2489 389 2553 Novarum
407 2488 537 2553 aedium
553 2507 624 2552 esse
640 2489 780 2552 arbitror
796 2487 935 2552 similem
952 2508 1014 2570 ego
1031 2486 1209 2560 hominem,

222 2601 366 2683 Quando
382 2601 436 2665 hic
452 2613 549 2664 natus
566 2610 624 2664 est.
672 2600 713 2662 Ei
730 2599 776 2662 rei
792 2612 987 2682 argumenta
1002 2599 1119 2663 dicam.

220 2715 334 2796 Atque
350 2715 413 2776 hoc
430 2712 517 2776 haud
534 2714 664 2776 videtur
679 2713 748 2774 veri
765 2712 869 2775 simile
886 2712 979 2775 vobis
994 2712 1006 2774 Β
1244 2721 1277 2760 ¹0

220 2826 269 2890 At
285 2846 347 2907 ego
363 2824 397 2887 id
412 2823 527 2888 faciam
544 2844 618 2887 esse
635 2823 681 2886 ita
696 2833 733 2886 ut
750 2823 899 2886 credatis.

220 2934 380 3012 Profecto,
404 2935 451 3001 ita
473 2957 546 3000 esse
570 2947 605 2998 ut
629 2934 782 3017 praedico
804 2954 891 3009 vera,
914 2933 1064 2997 vincam:
1089 2944 1188 3015 atque
1211 2933 1275 2996 hoe

350 3059 477 3112 vosmet
494 3047 565 3130 ipsi,

222 3162 308 3240 Scio,
324 3161 461 3244 proinde
477 3159 525 3224 uti
541 3180 629 3223 nunc
644 3180 707 3242 ego
722 3179 795 3223 esse
811 3168 954 3230 autumo,

224 3274 366 3358 Quando
382 3273 472 3336 dicta
488 3272 628 3336 audietis
643 3292 724 3344 mea,
741 3270 830 3334 haud
846 3270 941 3332 aliter
957 3269 989 3331 id
1005 3267 1131 3360 dicetis

221 3385 430 3460 Auscultate,
446 3396 642 3466 argumenta
656 3384 734 3447 dum
751 3383 825 3446 dico
840 3383 881 3445 ad
898 3382 983 3445 hanc
999 3400 1089 3444 rem:
1245 3389 1275 3443 Ι5

225 3498 330 3564 Simul
347 3517 505 3581 gnarures
522 3517 582 3561 vos
598 3497 672 3561 volo
687 3517 759 3560 esse
776 3496 860 3559 hanc
877 3514 945 3558 rem
962 3512 1101 3557 mecum.
