2810 4062
221 269 269 342 50
530 247 661 320 Punvrr
689 270 959 322 nosrsutnmn.

225 446 294 511 TH.
321 446 433 522 Puere,
464 446 600 510 nimium
632 447 790 512 delicatus
819 469 862 512 es
916 447 996 515 PH.
1027 447 1069 512 Ei
1097 449 1272 514 advorsum

349 560 507 622 venimus.

224 671 295 736 ΤΗ
321 671 408 754 Quoi
426 671 572 735 homini?
616 659 693 736 PH
721 671 813 736 Hero
825 683 947 738 nostro.
987 644 1128 756 Quaeso,
1145 675 1273 759 quoties

349 784 526 848 dicundum
539 795 595 848 est
611 785 678 849 tibi.
1242 799 1273 838 ¹0

223 897 295 962 TH.
320 897 432 972 Puere,
463 918 561 960 nemo
591 897 646 960 hic
677 897 821 961 habitat:
859 918 935 961 nam
969 910 1001 962 te
1029 919 1101 964 esse
1135 899 1274 965 arbitror
1376 961 1377 976 ,

348 1030 486 1092 puerum
505 1011 668 1091 probrum.

217 1121 295 1187 PH.
320 1122 396 1185 Non
423 1123 476 1185 hic
506 1123 711 1186 Philolaches
735 1122 929 1187 adulescens
961 1123 1089 1188 habitat
1121 1123 1211 1188 hisce
1238 1124 1272 1186 in

348 1235 507 1299 aedibus?

220 1347 290 1412 SE.
325 1347 391 1410 Hic
418 1367 519 1411 senex
545 1347 736 1411 cerebrosus
761 1357 810 1410 est
837 1359 934 1410 certe.
980 1346 1058 1410 PH.
1085 1347 1184 1412 Erras
1200 1367 1273 1430 per·

347 1475 451 1535 vorse,
468 1471 582 1542 pater:

220 1572 308 1636 Nam
325 1573 388 1636 nisi
404 1573 481 1636 hinc
497 1572 595 1636 hodie
610 1571 783 1654 emigravit
800 1583 856 1635 aut
873 1572 953 1647 heri,
970 1585 1061 1636 certo
1075 1573 1147 1636 scio

220 1684 287 1748 Hic
317 1686 473 1750 habitare.
524 1684 596 1749 TH.
624 1684 714 1767 Quin
747 1706 804 1748 sex
832 1705 962 1748 menses
993 1683 1058 1748 iam
1089 1685 1143 1748 hic
1174 1705 1273 1748 nemo

350 1798 484 1862 habitat.
533 1797 600 1862 SE.
629 1797 791 1861 Somnias.
965 1861 967 1864 .
1242 1807 1273 1863 ι5

225 1910 296 1976 ΤΗ.
327 1911 466 1993 Egone?
514 1911 583 1975 SE.
612 1911 673 1974 Tu.
725 1910 795 1975 TH.
821 1910 874 1974 Tu
906 1931 947 1975 ne
978 1911 1143 1976 molestus.
1191 1911 1275 1975 Sine

350 2045 402 2087 me
418 2045 492 2087 cum
510 2044 611 2105 puero
628 2024 725 2106 loqui.

218 2135 294 2200 PH.
321 2137 593 2200 Nemohabitat?
636 2136 745 2199 Hem!
798 2135 868 2200 ΤΗ.
894 2137 954 2200 Ita.
999 2136 1077 2200 PH
1098 2134 1272 2200 Profecto:
1376 2145 1377 2212 j

349 2270 425 2312 nam
444 2249 515 2312 heri
530 2261 563 2313 et
579 2247 827 2324 nudiustertius,

220 2360 375 2443 Quartus,
396 2361 539 2445 quintuS,
563 2374 673 2425 sextus
697 2382 808 2445 usque,
832 2372 1008 2444 postquam
1032 2359 1109 2424 hinc
1132 2381 1274 2443 peregre
1376 2425 1377 2448 ,

237 2470 250 2484 ’
348 2474 418 2539 eius
436 2485 528 2556 pater

218 2586 322 2661 Abiit,
340 2608 516 2670 numquam
537 2587 590 2650 hic
606 2586 749 2650 triduom
767 2606 868 2650 unum
885 2586 1026 2650 desitum
1043 2596 1093 2649 est
1108 2584 1261 2667 potarier.

223 2698 292 2762 ΤΗ.
328 2699 416 2781 Quid
444 2698 516 2762 ais?
562 2698 639 2763 PH
667 2699 826 2763 Triduom
853 2718 953 2761 unum
982 2709 1031 2761 est
1058 2697 1146 2760 haud
1170 2696 1274 2761 inter·
1376 2733 1377 2766 l

348 2811 486 2876 missum
504 2811 556 2874 hic
573 2831 645 2874 esse
662 2822 695 2874 et
712 2811 789 2886 bibi,
1238 2823 1276 2860 ²0
1376 2809 1377 2880 l

168 2981 172 2992 .
221 2923 339 2987 Scorta
354 2923 439 2997 duci,
456 2924 670 3006 pergraecari,
689 2924 847 2998 fidicinas
865 2923 1017 2987 tibicinas

220 3037 358 3100 Ducere.
411 3035 482 3100 ΤΗ.
510 3037 595 3119 Quis
613 3037 715 3100 istaec
739 3035 905 3100 faciebat?
950 3037 1026 3099 PH
1055 3035 1273 3099 Philolaches

353 3148 384 3210 Τ
379 3147 424 3213 Η.
451 3149 517 3232 Qui
536 3149 768 3212 Philolaches?

216 3259 293 3325 PH.
322 3259 408 3344 Quoi
425 3273 554 3343 patrem
571 3261 815 3345 Theuropitlem
829 3282 903 3325 esse
919 3261 1042 3343 opinor.
1096 3261 1126 3324 T
1123 3259 1167 3325 H.
1194 3259 1274 3336 Hei,

348 3374 410 3448 hei,
429 3374 543 3450 occidi,

218 3484 253 3550 Si
271 3486 351 3550 haec
368 3487 420 3550 hic
436 3508 514 3549 vera
532 3499 699 3551 memorat.
748 3488 884 3568 Pergam
902 3507 998 3568 porro
1014 3485 1247 3568 percontarier.
