2810 4062
192 273 241 324 20
502 268 635 338 PLAVTI
662 267 934 319 MOSTELLARIA.

191 447 297 524 Salve,
314 445 523 510 amicissume
538 444 619 508 mihi
636 445 782 508 omnium
800 444 980 509 hominum.

190 559 382 623 PHILOL.
400 559 445 622 Di
462 569 494 622 te
510 568 631 622 ament.
677 557 827 632 Accuba,
844 557 1086 622 Callidamates.

191 673 295 735 Vnde·
304 671 375 753 agis
392 671 448 734 te?
484 669 560 735 CA.
577 657 683 734 'Vnde
699 670 798 734 homo
814 669 932 734 ebrius.
999 707 1005 722 ·

190 783 382 848 PHILOL.
423 783 535 848 Probe.
598 782 687 866 Quin
726 783 845 846 amabo
882 782 1034 855 accubas.
1065 781 1247 866 Delphium

322 896 421 958 mea?
1214 905 1248 961 30

193 1007 258 1073 CA.
282 1009 337 1072 Da
353 1007 408 1084 illi,
424 1008 512 1090 quod
529 1007 639 1082 bibat;
662 1006 824 1072 dormiam
841 1026 903 1088 ego
920 1007 992 1070 iam.

190 1119 383 1186 PHILOL.
410 1101 498 1184 Num
518 1120 637 1182 mirum
653 1131 711 1184 aut
726 1139 845 1184 novom
862 1119 1029 1202 quippiam
1046 1117 1150 1184 facit?

194 1233 284 1317 Quid
301 1253 362 1315 ego
375 1232 438 1296 hoc
449 1230 567 1297 faciam
581 1242 706 1314 postea,
719 1251 792 1294 mea
805 1232 817 1294 i
847 1231 924 1296 DE.
944 1233 1000 1296 Sic
1016 1231 1086 1295 sine
1101 1252 1246 1316 eumpse.
1351 1255 1359 1270 ·

190 1346 308 1410 PHIL
315 1344 382 1409 OL.
407 1345 485 1428 Age
501 1355 546 1421 tu,
557 1344 689 1412 interim
706 1345 749 1408 da
758 1345 800 1410 ab
816 1344 960 1428 Delphio
975 1344 1042 1409 cito
1052 1345 1246 1410 cantherum

322 1477 456 1524 circum.
968 1489 971 1494 ·

654 1647 794 1676 -doh—

434 1867 616 1944 Acrvs
655 1845 705 1944 ir.
757 1868 941 1944 §CENA
980 1869 1007 1944 r.

204 2071 352 2136 Tremo.
399 2070 653 2134 Prrrrorrcrrss
700 2068 988 2133 CALLmAMArss.
1036 2069 1236 2133 Drerfflvrr.

204 2183 206 2186 ’
514 2182 774 2246 PfflLEMATrvir.
825 2182 929 2245 vass.

202 2358 271 2422 TR.
296 2355 448 2440 Iuppiter
463 2375 637 2438 supremus
653 2355 791 2420 summis
808 2356 925 2438 opibus
942 2367 1040 2438 atque
1056 2355 1234 2430 industriis

104 2555 105 2560 ἵ
197 2472 253 2534 Me
270 2470 391 2553 perisse
408 2479 441 2533 et
458 2469 714 2533 Philolachetem
731 2469 831 2552 cupit,
848 2469 982 2532 herilem
999 2469 1111 2534 filium.

197 2584 330 2648 Occidit
346 2603 421 2665 spes
437 2592 570 2646 nostra:
594 2601 755 2665 nusquam
772 2583 937 2646 stabulum
954 2595 1004 2645 est
1020 2581 1249 2656 confidentiae,

200 2697 272 2760 Nec
288 2695 385 2760 Salus
400 2695 495 2758 nobis
512 2694 609 2759 saluti
625 2694 690 2758 iam
706 2715 788 2772 esse,
805 2695 833 2759 si
849 2695 970 2777 cupiat,
986 2705 1115 2778 potest:

199 2811 251 2872 Ita
267 2808 343 2872 mali
359 2807 515 2872 maeroris
531 2816 678 2871 montem
695 2827 885 2870 maxumum
902 2808 945 2871 ad
959 2818 1091 2890 portum
1107 2807 1206 2898 modo
1234 2817 1249 2872 5

199 2921 418 3003 Conspicatus
435 2940 527 2984 sum:
549 2920 648 2984 herus
663 2921 797 2984 advenit
813 2940 969 3003 peregre:
992 2919 1089 3002 periit
1107 2920 1242 2984 Tranio.

200 3033 324 3117 Ecquis
347 3034 447 3097 homo
469 3043 531 3108 est,
553 3031 610 3115 qui
633 3031 739 3098 facere
762 3033 891 3115 argenti
914 3031 1025 3118 cupiat
1048 3031 1253 3116 aliquantum

330 3144 421 3221 lueri,

203 3259 269 3342 Qui
286 3257 384 3321 hodie
400 3278 474 3322 sese
488 3257 667 3322 excruciari
683 3277 790 3322 meam
808 3256 912 3322 vicem
929 3257 1032 3340 possit
1048 3257 1142 3340 pati?

200 3372 267 3437 Vbi
284 3381 362 3450 sunt
378 3369 432 3434 isti
449 3371 679 3453 plagipatidae,
695 3369 915 3435 ferritribaces
931 3370 1000 3445 viri,

201 3485 264 3549 Vei
281 3484 343 3557 isti,
364 3483 419 3566 qui
437 3484 534 3547 trium
553 3503 727 3546 numerum
744 3499 844 3547 eausa
859 3483 1001 3547 subeunt
1018 3484 1078 3547 sub
1095 3481 1184 3560 falaS,
1225 3510 1257 3551 ιο
