2810 4062
451 323 568 376 ACTVS
594 325 645 376 111.
697 324 817 375 SCENA
843 325 881 375 ΙΙ.
944 390 945 393 ¹

143 504 174 566 T
169 504 214 566 R.
242 503 311 565 Res
326 511 441 583 parata
458 513 509 564 est
525 500 659 563 malain
677 520 848 582 vesperum
866 500 942 566 huie
958 501 1049 566 seni:

107 645 111 650 ·
141 616 229 678 Nam
247 625 279 678 et
296 614 482 678 cenandum
499 613 529 676 ei
545 624 579 677 et
595 613 783 700 cubandum
799 624 850 676 est
866 613 962 678 male.

139 727 192 791 51.
220 726 329 808 Quom
347 724 452 806 magis
469 724 579 806 cogito
596 745 669 787 cum
687 744 761 788 meo
776 723 906 788 animo:
955 759 957 764 ·

137 838 174 902 Si
187 838 263 921 quis
279 838 426 900 dotatam
443 857 577 899 uxorem
594 846 692 919 atque
709 856 808 898 anum
825 836 934 911 habet,

138 951 313 1013 Neminem
331 947 484 1012 sollicitat
501 968 618 1028 sopor:
642 947 686 1009 ibi
704 947 856 1010 omnibus

138 1063 190 1125 Ire
205 1062 383 1125 dormitum
399 1060 474 1123 odio
490 1070 551 1131 est,
567 1058 658 1121 velut
675 1079 763 1125 nunc
781 1059 871 1122 mihi.

27 1233 38 1256 Α,
138 1173 282 1256 Exsequi
299 1185 388 1236 certa
405 1192 456 1236 res
473 1182 532 1246 est,
550 1182 586 1234 ut
602 1170 716 1234 abeam

137 1285 249 1349 Potius
264 1285 342 1348 hinc
358 1286 398 1348 ad
415 1281 530 1359 forum,
547 1303 646 1366 quam
662 1282 751 1346 domi
768 1283 894 1348 cubem.

135 1398 249 1481 Atque
265 1397 319 1478 pol
336 1397 446 1478 nescio
456 1371 499 1459 ut
516 1395 662 1458 moribus
679 1394 780 1458 sient,

136 1509 300 1598 Vostiae:
323 1509 413 1583 haec,
430 1518 482 1570 sat
498 1507 574 1582 scio,
590 1527 688 1590 quam
706 1527 759 1570 me
776 1506 896 1572 habeat
911 1506 1020 1586 male;
1079 1543 1082 1548 v

24 1651 25 1654 ¹
135 1620 233 1684 Peius
250 1621 386 1703 posthac
401 1617 479 1694 fore,
496 1639 593 1702 quam
610 1616 681 1692 fuit,
699 1617 787 1681 mihi.
878 1669 879 1672 ,

142 1734 172 1796 Τ
168 1734 210 1796 R.
252 1732 318 1815 [Si]
336 1732 444 1795 abitus
461 1740 537 1794 tuus
554 1731 623 1806 tibi,
639 1751 748 1805 senex,
764 1727 880 1794 fecerit
896 1729 990 1806 male,
1046 1707 1048 1710 Ι

136 1845 226 1908 Nihil
244 1844 314 1919 erit,
330 1844 417 1927 quod
434 1844 574 1907 deorum,
588 1843 689 1906 ullum
705 1842 867 1906 accusites
883 1863 891 1920 ;

134 1956 183 2020 Te
200 1958 270 2038 ipse
286 1934 509 2037 iure'optumu
525 1955 641 2019 merito
657 1955 787 2018 incuses
804 1933 889 2018 licet.

135 2068 282 2149 Tempus
299 2088 387 2130 nunc
403 2076 455 2130 est
471 2087 583 2130 senem
600 2067 688 2130 hunc
705 2065 837 2148 adloqui
854 2064 942 2130 mihi.

136 2179 212 2243 Hoc
226 2180 345 2244 habet!
370 2179 508 2260 repperi,
525 2179 581 2261 qui
599 2199 708 2244 senem
726 2179 890 2252 ducerem,

137 2291 213 2374 Quo
229 2291 305 2354 dolo
321 2311 340 2353 a
357 2311 408 2352 me
425 2289 570 2382 dolerem
586 2291 700 2372 procul
717 2291 879 2371 pellerem.

134 2403 312 2466 Accedam.
359 2401 404 2464 Di
420 2412 454 2465 te
470 2411 582 2465 ament
598 2402 795 2482 plurumum,
815 2401 915 2465 Simo.

136 2516 186 2578 51.
213 2515 327 2578 Salvos
337 2513 395 2595 sis,
410 2514 542 2578 Tranio.
601 2513 669 2578 TR.
693 2513 741 2580 Vt
756 2513 871 2576 vales?
917 2512 970 2580 51.
997 2512 1074 2578 Non
1090 2513 1184 2578 male

136 2626 225 2709 Quid
264 2627 357 2709 agis?
418 2627 487 2692 TR.
529 2625 709 2690 Hominem
748 2636 920 2707 optumum
959 2637 1064 2690 teneo.
1128 2626 1183 2690 51.

264 2738 384 2802 Amice
400 2735 489 2816 facis,
670 2790 673 2796 .
752 2817 755 2821 .
1151 2750 1186 2804 30

137 2850 246 2934 Quom
263 2829 316 2914 me
330 2850 452 2914 laudas.
489 2851 557 2915 TR.
576 2851 683 2915 Decet
699 2858 796 2914 certe.
833 2850 887 2914 51.
907 2848 1034 2934 [Certe]
1052 2850 1184 2928 hercle;

267 2959 315 3046 [at
331 2959 407 3042 ego]
425 2971 458 3023 te
1190 3045 1193 3049 .

135 3069 235 3133 Haud
251 3071 374 3134 bonum
391 3082 488 3135 teneo
505 3090 643 3134 servom.
686 3069 735 3152 [T
730 3055 772 3134 R.
783 3069 879 3152 Quid
896 3069 943 3133 ita
952 3090 1039 3146 vero,
1052 3048 1145 3134 Simo
1157 3071 1182 3154 ?]

140 3179 211 3244 ΤΗ.
245 3180 341 3256 Heia,
358 3179 518 3261 mastigia,
534 3179 576 3241 ad
593 3199 645 3242 me
660 3177 748 3243 redi!
800 3179 831 3241 Τ
828 3180 869 3243 R.
903 3180 1145 3245 Iamisticem.

137 3292 189 3357 51.
235 3292 325 3373 Quid
353 3291 465 3354 nunc?
497 3309 596 3372 quam
624 3290 723 3353 mox?
775 3291 842 3355 TR.
878 3291 967 3374 Quid
992 3292 1069 3357 est?
1129 3293 1181 3358 51.

255 3403 364 3485 ‘Quod
381 3402 464 3466 solet
480 3400 559 3465 fieri.

140 3513 170 3576 T
167 3507 212 3582 H.
246 3511 309 3577 Dic
326 3511 447 3594 figitur,
462 3512 550 3594 quod
567 3511 650 3576 solet
666 3508 760 3593 fieri]
778 3509 856 3593 quid
873 3511 905 3573 id
921 3523 980 3576 est.
1150 3523 1182 3577 35
