2810 4062
436 291 553 344 ACTVS
581 291 627 342 IV.
679 291 800 342 SCENA
826 291 863 340 11.
1126 290 1174 362 47
1224 321 1227 326 .

126 467 240 533 Heus!
264 469 376 552 ecquis
392 469 446 534 hic
461 481 521 545 est,
537 490 722 534 maxumam
739 469 795 552 qui
811 467 863 532 his
878 467 1028 532 iniuriam

124 582 151 644 F
153 583 264 646 oribus
277 579 432 646 defendat
445 583 456 645 ἓ
473 583 592 665 ecquis,
606 582 720 665 ecquis
733 582 798 645 huc
811 581 877 644 exit
890 593 989 664 atque
1000 579 1105 662 aperit
1116 580 1127 643 ἓ
1138 610 1174 662 40
1215 609 1217 616 ’

123 693 232 757 Nemo
248 694 325 757 binc
341 695 473 777 quidem
496 692 582 757 foras
598 695 683 758 exit:
715 703 751 756 ut
775 714 850 757 esse
863 692 1007 777 addecet
1031 713 1174 776 nequam

252 806 411 882 homines,
427 805 474 869 ita
490 817 588 869 sunt:

17 933 19 938 ’
124 918 189 984 Sed
206 940 245 982 eo
261 919 367 999 magis
383 929 481 982 cauto
496 930 547 982 est
567 938 659 1001 opus,
677 938 719 983 ne
735 918 799 982 huc
823 929 925 993 exeat,
943 917 998 1001 qui
1019 916 1104 981 male
1121 937 1174 981 me

250 1030 381 1094 mulcet.

577 1226 714 1254 *Cot-

341 1393 524 1535 nesus
565 1447 631 1523 m.
683 1447 866 1523 scsun
906 1447 955 1524 11.

417 1635 563 1700 Tmnuo
612 1636 873 1700 Tnevnonnes.

122 1833 192 1900 TR.
227 1834 317 1918 Quid
353 1836 412 1899 tibi
443 1836 549 1899 visum
582 1847 634 1900 est
665 1835 883 1899 mercimoni?
949 1833 1020 1899 TH.
1060 1835 1168 1898 Totus

247 1949 387 2030 gaudeo.
840 1994 841 1997 ,

123 2058 191 2124 TR.
218 2059 306 2122 Num
326 2059 428 2122 nimio
440 2070 571 2140 emptae
588 2059 648 2122 tibi
660 2058 837 2122 videntur?
889 2057 958 2123 TH.
978 2059 1168 2142 Numquam

247 2173 362 2254 edepol
379 2192 441 2253 ego
457 2191 511 2234 me
527 2171 596 2234 scio

117 2283 254 2347 Vidisse
269 2303 424 2366 umquam
441 2283 586 2346 abiectas
610 2283 718 2356 aedes
734 2283 799 2346 nisi
823 2283 921 2346 modo
938 2281 1046 2347 hasce.
1099 2282 1166 2346 TR.

249 2396 377 2478 Ecquid
395 2395 548 2477 placent?

122 2507 194 2570 ΤΗ.
219 2507 347 2589 Ecquid
365 2507 526 2588 placeant,
543 2526 595 2569 me
612 2505 731 2588 rogas?
778 2506 850 2570 Imo
874 2506 985 2570 hercle
1000 2525 1079 2568 vero
1094 2525 1167 2586 per-

248 2619 388 2699 placent.

122 2730 190 2794 TR.
216 2729 434 2814 Quoiusmodi
466 2729 696 2811 gunaeceum?
735 2728 813 2812 quid
846 2728 1035 2812 porticum?
1094 2728 1165 2793 ΤΗ.

248 2844 408 2906 Insanum
424 2843 552 2905 bonam.
1152 2853 1166 2908 5

118 2955 195 3020 Non
214 2955 366 3038 equidem
386 2955 484 3018 ullam
509 2955 542 3017 in
566 2953 697 3037 publico
720 2974 795 3018 esse
815 2955 970 3018 maiorem
995 2954 1057 3017 hac
1083 2953 1168 3018 exis·

247 3078 347 3131 tumn.

114 3179 153 3248 ,Τ
147 3180 189 3244 R.
215 3178 305 3263 Quin
322 3199 385 3261 ego
401 3179 472 3261 ipse
488 3190 522 3242 et
541 3177 745 3242 Philolaches
762 3179 794 3242 in
812 3179 945 3261 publico
967 3178 1075 3242 omnis
1092 3199 1166 3260 por-

247 3293 334 3356 ticus

116 3405 241 3472 Sumus
253 3405 444 3470 commensi.
495 3403 567 3469 ΤΗ.
593 3403 683 3488 Quid
700 3403 822 3487 igitur?
873 3404 940 3467 TR.
968 3404 1084 3484 Longe
1096 3422 1166 3466 om-

247 3518 338 3581 nium
354 3517 560 3598 longissuma
576 3527 633 3579 est.
