2810 4062
424 281 540 338 servs
569 251 615 339 tv,v
668 256 786 338 scens
814 288 866 340 111.
1126 287 1176 356 49
1284 307 1285 310 “

129 464 204 529 ΤΗ.-
224 463 396 528 Curriculo
420 463 495 528 iube
518 465 552 528 in
577 465 690 529 urbem
715 465 824 529 veniat
848 453 912 528 iam
936 464 1033 528 simul
1056 475 1174 528 tecum.

259 577 458 656 TR.,Licet.
1062 563 1064 566 ’

126 693 224 756 Nunc
248 713 311 774 ego
333 712 386 756 me
410 692 484 756 illac
515 713 572 775 per
598 692 762 775 posticum
787 695 827 756 ad
856 713 1074 775 congerrones
1101 713 1176 756 con-

256 804 357 869 feram
373 827 380 869 :
666 816 671 890 Ἰ
914 827 916 830 ·
1094 883 1095 886 ¹

127 919 255 995 Dicam,
272 930 308 982 ut
325 918 378 982 hic
394 938 447 983 res
463 919 529 982 sint
544 917 674 1002 quietae
697 930 796 1003 atque
813 930 848 984 ut
864 919 952 984 hunc
975 919 1052 984 hinc
1069 939 1178 983 amov-

256 1052 346 1095 enm.

585 1224 722 1250 ψ-

234 1393 235 1397 ¹
346 1442 526 1517 Actus
563 1443 628 1518 tv,
682 1443 863 1518 scens
899 1445 971 1546 ΠΙ.

177 1701 180 1704 ,
235 1631 438 1695 Pusmscvs,
485 1631 621 1696 Servos
644 1631 765 1696 Arrvs.
813 1631 1072 1697 Tnevuoemes,

126 1805 205 1870 PH
232 1805 298 1869 Hic
321 1805 453 1888 quidem
482 1827 588 1888 neque
616 1806 825 1869 convivarum
851 1805 989 1888 sonitus
1005 1807 1119 1872 itidem
1142 1819 1179 1872 ut

255 1919 397 1983 antehac
413 1917 482 1994 fuit,

128 2031 246 2114 Neque
280 2031 449 2095 tibicinam
481 2041 680 2106 cantantem,
712 2052 819 2115 neque
850 2031 949 2095 alium
981 2054 1178 2118 quemquam

162 2175 165 2181 ·
258 2129 364 2208 audio.

15 2267 28 2274 ·
133 2257 203 2322 TH.
230 2257 325 2340 Quae
348 2258 441 2321 illaec
465 2277 517 2320 res
542 2257 619 2346 est?
650 2258 820 2341 quidiliio
844 2257 993 2324 homines
1016 2271 1178 2343 quaerunt

257 2371 342 2452 apud
361 2370 451 2434 aedis
468 2371 583 2434 meas?
903 2373 904 2376 ’

15 2541 19 2548 .
129 2483 217 2580 Quid
230 2485 345 2547 volunt
358 2483 370 2546 .>
394 2483 471 2566 quid
486 2483 748 2564 introspectent?
779 2484 874 2576 PH.
902 2485 1039 2568 Pergam
1053 2485 1179 2570 pultare

256 2596 386 2660 ostium.

129 2709 231 2784 Heus,
262 2701 403 2784 reclude,
435 2710 525 2782 heus,
551 2708 693 2772 Tranio!
742 2709 894 2774 Etiamne
925 2711 1056 2794 aperis?
1087 2711 1177 2777 'TH.

257 2822 352 2904 Quae
368 2823 448 2884 haee
465 2834 515 2885 est
532 2820 663 2885 fabula?
722 2911 723 2914 Ἴ
1164 2837 1178 2892 5

125 2933 206 2997 PH.
243 2935 397 2998 Etiamne
430 2935 562 3018 aperis?
624 2935 831 2999 Callidamati
862 2948 974 3002 nostro
1004 2939 1178 3003 advorsum

255 3047 415 3110 venimus.
669 3023 672 3030 ¹

131 3159 202 3224 ΤΗ.
229 3159 323 3246 Heus
340 3181 409 3234 vos,
425 3161 528 3244 pueri,
543 3161 621 3245 quid
645 3160 720 3225 istie
740 3159 860 3244 agitis?
884 3162 961 3244 quid
985 3162 1065 3228 istas
1088 3165 1179 3230 aedis

171 3256 173 3262 ’
254 3272 430 3358 frangitis?

124 3385 202 3451 PH.
229 3387 340 3454 Herus
365 3389 420 3454 hic
447 3399 559 3452 noster
583 3397 683 3470 potat.
744 3386 815 3450 TH.
851 3387 963 3452 Herus
989 3388 1042 3452 hic
1068 3400 1179 3454 voster

255 3503 371 3585 potat?
416 3500 496 3564 PH.
522 3501 574 3563 Ita
590 3498 712 3582 loquor.
736 3497 738 3500 ’

645 3625 661 3669 4
