2810 4062
227 283 250 354 8
538 295 669 354 ruavn
696 290 968 356 uosranuunm.

226 481 416 564 Expuliunt,
427 483 547 546 docent
562 483 682 559 literas,
692 483 771 558 iura,
784 483 885 566 leges,
896 503 956 547 suo
968 493 1104 566 sumptu
1113 494 1146 550 et
1159 484 1278 550 labore.

226 594 388 659 Nituntur
404 604 439 657 ut
455 595 508 658 alii
525 594 586 686 sibi
602 589 675 658 esse
692 595 819 658 illorum
836 595 952 657 similis
968 605 1133 677 expetant.
1229 597 1235 608 '

225 705 283 768 Ad
299 705 462 787 legionem
480 727 578 789 quom
595 706 686 782 itum,
703 707 936 770 adminiculum
953 707 1001 770 eis
1017 707 1145 772 danunt
1181 765 1183 768 .

225 815 311 879 Tum
329 817 393 879 iam
410 817 551 898 aliquem
569 828 746 898 cognatum
764 837 882 880 suum:
1245 828 1279 882 45

228 928 378 991 Eatenus
402 929 559 991 abeunta
580 925 687 993 fabris,
734 928 801 991 Vbi
825 949 924 991 unum
949 929 1125 992 emeritum
1148 939 1199 994 est
1223 930 1280 993 sti-

358 1040 524 1121 pendium,

226 1150 333 1233 Igitur
349 1161 418 1214 tum
436 1152 604 1233 specimen
621 1151 774 1228 cernitur,
791 1155 862 1234 quo
872 1151 1003 1242 eveniat
1018 1151 1209 1216 aedificatio.

226 1263 312 1342 Nam
330 1283 393 1344 ego
408 1264 450 1326 ad
466 1263 547 1325 illud
563 1261 647 1345 frugi
665 1283 767 1346 usque
783 1276 816 1327 et
832 1264 955 1345 probus
970 1261 1025 1339 fui,
1037 1263 1076 1326 ¹in
1092 1261 1257 1328 fabrorum
1279 1278 1281 1282 ’

226 1376 395 1440 Potestate
411 1377 488 1440 dum
505 1374 560 1440 fui.

225 1488 442 1570 Posteaquam
458 1487 631 1570 inmigravi
649 1487 682 1550 in
698 1487 866 1569 ingenium
884 1506 1004 1566 meum,
1143 1541 1145 1544 .
1247 1498 1282 1552 50

225 1599 356 1664 Perdidi
373 1620 504 1681 operam
521 1597 686 1662 fabrorum
703 1599 777 1662 ilico
793 1599 925 1681 oppido.

222 1713 326 1776 Venit
342 1711 481 1792 ignavia,
498 1731 537 1774 ea
553 1711 633 1772 mihi
650 1721 830 1791 tempestas
846 1708 917 1786 fuit,

224 1825 273 1888 Mi
290 1824 433 1887 adventu
450 1843 508 1884 suo
524 1822 727 1902 grandinem,
744 1822 947 1902 imbremque
964 1821 1074 1886 attulit
1089 1841 1098 1897 ;

224 1936 319 2000 Haec
336 1933 567 1998 verecundiam
584 1933 628 1994 mi
645 1944 678 1995 et
694 1932 824 1995 virtutis
839 1933 973 1996 modum
1153 1916 1158 1924 ⁵

225 2047 424 2110 Deturbavit
441 2043 628 2126 detexitque
644 2063 663 2106 a
678 2063 731 2106 me
747 2043 829 2107 ilico.

226 2160 359 2222 Postilla
375 2158 523 2240 optigere
539 2177 609 2219 eam
628 2156 800 2238 negligens
816 2152 869 2220 fui.

224 2269 391 2335 Continuo
407 2291 466 2350 pro
482 2269 587 2331 imbre
602 2287 693 2331 arnor
709 2267 842 2337 advenit
857 2267 891 2331 in
906 2287 964 2330 cor
979 2289 1088 2332 meum
1103 2289 1111 2344 ;

150 2415 153 2421 ·
224 2384 257 2446 Is
274 2403 376 2464 usque
393 2381 426 2442 in
443 2391 559 2463 pectus
576 2379 789 2462 permanavit,
806 2378 1038 2461 permadefecit
1054 2401 1111 2443 cor
1126 2399 1245 2445 meum.

223 2495 323 2557 Nunc
339 2493 435 2557 simul
452 2513 513 2567 res,
529 2493 621 2567 fides,
634 2489 729 2566 fama,
745 2491 858 2565 virtus
875 2491 1041 2573 decusque

215 2607 472 2678 ¹Deseruerunt:
495 2624 556 2685 ego
573 2625 643 2666 sum
662 2602 696 2666 in
713 2625 775 2667 usu
792 2601 898 2667 factus
914 2603 1016 2665 nimio
1033 2602 1191 2685 nequior:
1244 2617 1281 2673 60
1393 2589 1394 2634 ³

169 2786 171 2791 .
222 2718 336 2800 Atque
353 2715 468 2798 edepol
487 2716 546 2808 (ita
562 2716 643 2779 haec
660 2715 754 2796 tigna
776 2714 910 2778 humide
934 2716 1064 2796 putent)
1083 2734 1149 2778 non
1165 2714 1280 2780 videor
1393 2727 1394 2736 ’

353 2827 434 2890 mihi
779 2832 783 2838 ’

223 2938 352 3003 Sarcire
368 2959 465 3019 posse
480 2936 578 3001 aedes
593 2957 693 3012 meas,
709 2937 789 3021 quin
805 2947 894 3002 totae
910 2947 1089 3021 perpetuae
1105 2947 1212 3014 ruant,

224 3050 314 3133 Quin
345 3070 419 3128 cum
453 3047 670 3112 fundamento
706 3049 873 3132 perierint,
905 3070 967 3113 nec
997 3052 1171 3134 quisquam
1204 3069 1280 3114 esse
1393 3033 1394 3084 l

353 3161 472 3222 auxilio
489 3171 596 3242 queat.
798 3169 800 3172 '

225 3272 291 3336 Cor
305 3273 403 3345 dolet,
420 3293 517 3354 quom
535 3272 611 3346 scic,
629 3281 665 3334 ut
682 3291 770 3334 nunc
787 3293 868 3346 sum,
886 3283 985 3355 atque
1001 3283 1036 3338 ut
1051 3271 1105 3338 fui.

224 3383 300 3466 Quo
316 3403 423 3465 neque
439 3383 618 3446 industrior
633 3384 673 3446 de
690 3384 862 3446 iuventute
877 3395 956 3458 crat,
1244 3380 1279 3450 65

223 3495 309 3558 Arte
324 3495 540 3580 gumnastica,
556 3495 654 3572 disc0,
672 3495 786 3571 hastis,
802 3495 877 3577 pila,
