2810 4062
434 273 549 322 ACTVS
578 272 625 322 IV.
677 272 797 322 SCENA
823 272 876 322 111.
1128 273 1168 346 51

126 451 202 516 Ain'
219 462 265 527 tu,
281 450 356 515 istic
371 461 486 532 potare
505 447 639 514 solitum
663 447 892 513 Philolachem
902 447 1010 526 istum,
1026 437 1174 534 quisquis

254 575 315 639 est,
1141 575 1173 630 25

128 679 210 743 Cum
241 679 321 742 hero
351 677 484 741 vostro?
537 675 614 740 PH
650 675 725 750 Hic,
753 675 894 759 inquam.
957 675 1027 740 ΤΗ
1061 676 1174 752 Puere,

246 802 383 874 ‚praeter
398 789 541 873 speciem
559 788 680 868 stultus
696 809 751 864 es;

124 903 218 979 Vide,
234 904 289 977 sis,
306 923 347 966 ne
363 901 445 966 forte
461 903 502 964 ad
519 901 709 965 merendam
726 899 880 984 quopiam
897 899 1087 975 devorteris,

125 1015 237 1099 Atque
251 1016 294 1079 ibi
308 1015 424 1078 melius
436 1035 534 1097 quam
547 1015 626 1078 satis
642 1011 714 1088 fuit,
730 1013 861 1077 biberis.
900 1013 978 1078 PH.
997 1013 1086 1096 Quid
1100 1025 1149 1078 est
1163 1015 1174 1078 ?

130 1129 200 1194 TH.
226 1129 278 1192 Ita
293 1129 386 1192 dico:
410 1149 451 1192 ne
467 1130 507 1190 ad
525 1127 604 1191 alias
620 1127 709 1190 aedis
727 1146 897 1210 perperam
915 1127 1095 1192 deveneris

125 1242 201 1305 PH.
229 1241 315 1314 Scio,
344 1261 409 1324 qua
434 1261 487 1303 me
513 1241 560 1304 ire
592 1251 730 1321 oportet,
755 1251 798 1316 et,
826 1261 891 1324 quo
917 1239 1074 1314 venerim,
1099 1241 1175 1304 novi

254 1355 369 1417 locum.
615 1391 616 1394 =
650 1420 653 1426 ,
1141 1365 1176 1443 30¹

125 1465 329 1530 Philolaches
345 1465 398 1529 hic
415 1466 550 1539 habitat,
568 1464 684 1547 quoius
701 1476 752 1528 est
768 1476 863 1547 pater
878 1464 1116 1547 Theuropides,

125 1579 200 1661 Qui,
217 1591 388 1662 postquam
406 1591 500 1661 pater
516 1579 753 1661 admercatum
769 1578 849 1642 abiit
866 1579 951 1655 hinc,
968 1578 1136 1643 tibicinam

125 1691 300 1756 Liberavit.
352 1692 422 1755 TH.
448 1691 698 1756 Philolachesne
719 1693 823 1773 ergo?
868 1692 945 1755 PH.
971 1691 1041 1756 Ita:
1072 1670 1176 1756 Phile-

255 1805 392 1868 matium
409 1804 550 1888 quidem.
795 1885 797 1888 ι

130 1917 201 1981 ΤΗ.
227 1915 373 1999 Quanti?
432 1917 499 1981 SE.
535 1917 688 1999 Triginta
717 1918 857 1981 talentis.
912 1916 988 1982 PH.
1025 1915 1089 1980 Ma
1118 1915 1175 1982 τὸν

255 2026 424 2104 Ἀπόλλω,
440 2030 499 2094 sed
516 2031 621 2093 minis.
707 2069 708 2072 =

131 2142 201 2206 TH.
227 2141 314 2215 Ain',
353 2142 450 2205 minis
491 2143 628 2225 triginta
667 2141 805 2207 amicam
844 2143 1029 2208 destinasse
1068 2144 1174 2208 Philo-

256 2255 406 2318 lachem?
934 2291 936 2294 ·
1142 2269 1174 2324 35

123 2366 202 2432 PH.
227 2366 302 2430 Aio.
355 2367 424 2432 TH.
449 2367 563 2451 Atque
579 2388 651 2438 eam
668 2389 767 2432 manu
780 2369 952 2434 emisisse?
996 2369 1073 2434 PH
1097 2369 1173 2435 Aio.

262 2479 332 2542 ΤΗ.
358 2480 401 2543 Et
418 2491 591 2563 postquam
609 2481 680 2545 eius
697 2482 774 2546 hinc
790 2495 884 2564 pater

125 2592 178 2658 Sit
195 2591 358 2675 profectus
375 2614 521 2676 peregre,
537 2605 731 2677 perpotasse
747 2596 885 2660 adsiduo
915 2594 916 2598 ’
1024 2635 1026 2638 -

123 2706 199 2768 Tuo
223 2725 298 2781 cum
326 2707 485 2769 domino?
530 2706 607 2772 PH.
641 2707 715 2772 Aio.
771 2708 842 2773 ΤΗ.
877 2707 991 2792 Quid?
1022 2709 1050 2774 is
1077 2711 1175 2774 aedes

256 2819 335 2882 emit
352 2819 405 2882 hic
422 2821 621 2901 proxumas?

122 2929 201 2994 PH.
229 2931 302 2994 Non
321 2930 381 2996 aio.
433 2933 462 2993 Τ
461 2933 505 2998 Η.
531 2933 759 3016 Quadraginta
771 2934 869 2998 etiam
886 2935 976 2998 dedit
992 2934 1078 3010 huic,
1091 2955 1176 3018 quae

125 3061 133 3094 1
254 3057 367 3108 essent
384 3028 557 3128 pignori?
625 3119 630 3125 ¹

122 3155 200 3219 PH.
228 3155 344 3239 Neque
370 3155 459 3222 istud
486 3159 546 3224 aio.
598 3158 668 3222 ΤΗ.
704 3159 781 3234 Hei,
810 3160 937 3241 perdis!
990 3159 1068 3225 PH.
1104 3160 1175 3224 Imo

255 3289 352 3332 suum
369 3281 495 3352 patrem
513 3271 577 3334 illic
594 3272 744 3353 perdidit.
1072 3285 1074 3294 ‘
1141 3283 1176 3335 40
1256 3337 1259 3343 ,

128 3381 200 3446 ΤΗ.
226 3381 316 3446 Vera
341 3385 476 3447 cantas!
524 3384 620 3446 Vana
636 3385 769 3448 vellem!
812 3385 892 3450 PH.
917 3385 1022 3449 Patris
1048 3383 1175 3450 amicus

257 3495 416 3558 videlicet
