2810 4062
490 258 610 310 Acrvs
637 259 660 308 1.
711 257 831 312 secun
858 256 908 306 111.
1074 312 1076 317 ,
1182 253 1225 328 17

175 435 323 517 Purpura
339 443 428 498 aetas
444 435 640 498 occultanda
655 443 706 498 est
721 455 729 511 ;
752 453 867 498 aurum
884 443 979 514 turpe
995 431 1132 498 mulieri.
1177 445 1227 498 130

174 546 290 610 Pulcra
306 545 422 609 mulier
438 547 527 609 nuda
543 547 614 622 erit,
631 567 730 629 quam
746 555 934 628 purpurata,
951 542 1113 625 pulcrior:

173 658 293 722 Postea
323 657 520 740 nequiquam
556 669 713 723 exornata
742 667 793 720 est
826 657 919 730 bene,
951 655 978 718 si
1010 666 1135 719 morata
1171 668 1225 720 est
1283 703 1289 711 -

301 769 406 833 male:

172 879 324 944 Pulcrum
341 891 493 944 ornatum
511 889 624 962 turpes
641 899 749 944 mores
765 879 859 961 peius
875 899 978 942 caeno
992 879 1175 955 conlinunt.

173 993 259 1056 Nam
285 993 313 1055 si
335 991 449 1075 pulcra
464 1001 524 1069 est,
541 991 638 1054 nimis
662 1004 778 1057 ornata
793 1002 851 1054 est.
897 990 1088 1055 PHILOL.
1114 991 1224 1056 Nimis
1310 1049 1311 1052 ,

299 1105 356 1168 diu
369 1104 523 1186 'apstineo
539 1124 682 1168 manum.

172 1217 262 1300 Quid
285 1217 413 1282 nevos
435 1219 521 1282 auae
543 1217 662 1299 agitis?
707 1192 910 1280 PHJLEM.
936 1215 1011 1280 Tun
1032 1235 1086 1279 me
1101 1237 1224 1280 exorno

188 1369 190 1374 -
299 1340 336 1393 ut
352 1330 506 1410 placeam.
551 1327 743 1393 PHILOL.
768 1328 896 1392 Ornata
911 1349 947 1391 es
963 1328 1049 1391 satis.
1175 1339 1222 1394 135

168 1438 238 1502 Abi
260 1451 296 1504 tu
320 1441 397 1505 hinc
420 1441 517 1516 intro,
537 1452 636 1522 atquc
659 1451 853 1504 ornamenta
868 1441 949 1504 haec
972 1437 1070 1504 auser.
1083 1477 1128 1488 —
1143 1441 1221 1517 Sed,

298 1553 450 1635 voluptas
466 1572 547 1625 mea,

169 1664 246 1728 Mea
262 1663 502 1739 Philematium,
518 1674 633 1747 potare
648 1674 757 1728 tecum
774 1662 979 1727 conlubitum
996 1674 1046 1726 est
1062 1663 1151 1728 mihi.

166 1775 371 1840 PHILEM.
398 1776 507 1839 Lubet
522 1787 556 1839 et
572 1775 687 1858 edepol
704 1775 785 1838 mihi
801 1786 931 1840 tecum:
955 1796 1031 1839 nam
1051 1777 1137 1858 quod
1160 1776 1222 1842 tibi

298 1888 398 1965 lubet,
414 1889 501 1973 idem
519 1890 599 1951 mihi
616 1889 716 1963 lubet,
809 1967 811 1970 Ι

168 2001 246 2064 Mea
270 2002 430 2084 voluptas.
476 2002 670 2066 PHILOL.
697 2001 794 2076 Hem,
812 2001 897 2084 istuc
922 2002 1059 2066 verbum
1082 2001 1147 2067 vile
1170 2012 1221 2066 est

296 2115 414 2196 viginti
431 2115 540 2177 minis

165 2226 368 2291 PHILEM.
394 2214 497 2304 Cedo,
525 2228 651 2303 amabo,
681 2228 816 2292 decem:
854 2228 941 2292 bene
974 2239 1123 2312 emptum
1159 2229 1219 2292 tibi

171 2333 176 2345 '
296 2325 373 2402 dare
389 2341 604 2403 hocverbum
619 2341 701 2405 volo
1171 2355 1220 2407 140

164 2449 356 2515 PHILOL.
382 2451 492 2514 Etiam
517 2473 605 2516 nunc
626 2454 739 2517 decem
762 2455 871 2518 minae
893 2455 980 2538 apud
997 2465 1143 2521 tesunt:
1165 2457 1217 2520 vel

295 2564 456 2627 rationem
472 2575 570 2646 puta:

92 2717 94 2720 -
164 2673 316 2758 Triginta
335 2675 441 2740 minas
465 2697 525 2758 pro
545 2677 653 2758 capite
671 2688 729 2742 tuo
749 2678 877 2742 dedi-
920 2677 1125 2745 PHILEM.
1150 2681 1218 2746 Cur

168 2845 171 2850 .
294 2789 493 2870 exprobras?

161 2896 353 2964 PHILOL.
379 2901 495 2982 Egone
512 2901 544 2964 id
561 2901 781 2984 exprobrem?
829 2902 920 2985 Quin
943 2902 1095 2968 mihimet
1118 2905 1216 2987 cupio

292 3015 325 3077 id
341 3015 588 3096 opprobrarier3
782 3091 788 3100 ὑ

162 3125 234 3189 Nec
261 3126 435 3209 quicquam
465 3129 595 3210 argenti
625 3127 729 3192 locavi
759 3127 823 3191 iam
854 3129 910 3192 diu
942 3148 1080 3212 usquam
1111 3149 1214 3213 aeque

290 3237 384 3306 bene.
548 3251 550 3256 '

159 3349 363 3418 PHILEM.
389 3353 487 3417 Certe
514 3374 586 3436 ego,
609 3354 696 3436 quod
721 3364 755 3420 te
778 3375 861 3430 arno,
885 3373 1019 3436 operam
1050 3373 1211 3437 nusquam
1309 3345 1311 3350 ’

291 3466 407 3530 melius
423 3468 514 3548 potui
530 3487 661 3548 ponere.
1163 3477 1211 3532 145

680 3580 693 3614 2
