2810 4062
191 305 236 376 32
507 301 639 351 annun
666 302 936 357 MOSTELLARIA.

193 479 225 544 T
219 481 261 544 R.
286 479 358 542 Imo
374 476 426 541 abi
443 477 586 542 domum.
633 478 757 542 Verum
776 477 886 544 hercle
901 481 984 547 dico.
1030 481 1099 547 Abi
1115 487 1220 549 modo.

172 573 264 657 'Da
291 592 380 674 Quin
397 611 455 653 vos
472 589 551 652 mihi
567 587 681 654 faenus
697 591 781 656 date.
829 592 919 675 Quid
934 595 988 658 hic
1004 583 1198 678 nug'amini?

192 706 222 769 Τ
219 706 259 768 R.
300 706 351 767 Eu
369 703 476 766 hercle
491 704 553 765 1-
567 703 620 766 Ne
636 714 671 766 tu
688 703 741 767 abi
758 707 855 768 modo
870 727 877 782 ;
901 709 1051 772 ausculta
1066 710 1155 774 mihi.

185 817 260 882 DA.
302 818 372 880 Iam
403 817 510 878 hercle
543 837 605 899 ego
643 816 742 880 illunc
781 819 965 883 nominabo.
1033 820 1099 886 TR.
1140 824 1236 905 Euge

316 931 469 994 strenue!
1202 946 1234 1002 55

186 1037 308 1106 Beatus'
323 1063 401 1105 vero
417 1063 452 1105 es
469 1061 565 1116 nune,
582 1063 682 1124 quom
699 1043 828 1106 clamas.
874 1044 949 1108 DA.
975 1045 1088 1110 Meum
1104 1058 1189 1129 peto.

185 1155 311 1218 Multos
328 1176 380 1218 me
397 1156 458 1217 hoc
475 1167 572 1236 pacto
588 1155 653 1217 iam
670 1155 739 1217 dies
755 1153 964 1221 frustramini.

185 1267 349 1331 Molestus
365 1267 391 1330 si
409 1287 491 1341 sum,
507 1267 634 1330 reddite
650 1278 843 1348 argentum:
866 1269 985 1336 abiero.

188 1380 433 1464 Responsiones
450 1400 565 1443 omnes
581 1380 643 1442 hoc
659 1381 759 1443 verbo
775 1381 881 1463 eripis.

190 1495 221 1558 T
216 1496 257 1559 R.
283 1495 412 1559 Sortem
430 1483 553 1573 accipe.
578 1492 653 1558 DA.
674 1495 745 1556 Imo
757 1491 891 1558 faenus:
907 1495 939 1558 id
953 1496 1094 1578 primum
1105 1498 1187 1566 volo
1198 1514 1234 1568 60

124 1649 125 1654 κ
190 1607 220 1670 Τ
218 1609 258 1672 R.
284 1607 372 1689 Quid
389 1607 436 1668 ais
452 1605 514 1668 tu?
537 1597 684 1668 omnium
701 1606 872 1670 hominum
889 1619 1077 1687 teterrume‚

185 1719 318 1784 Venisti
335 1720 398 1781 huc
415 1708 447 1782 ie
464 1719 692 1781 extentatum?
738 1718 843 1800 Agas,
859 1721 946 1803 quod
964 1722 996 1784 in
1015 1743 1113 1787 manu
1129 1733 1188 1788 est.

187 1833 262 1898 Non
288 1834 362 1896 dat:
387 1853 452 1894 non
472 1832 583 1922 debet.
631 1830 708 1896 DA.
735 1830 811 1894 Non
832 1832 956 1896 debet?
1007 1835 1038 1896 T
1034 1836 1076 1900 R.
1104 1836 1156 1899 Ne
1171 1840 1233 1920 γρῦ

314 1944 447 2028 quidem

184 2060 285 2124 Ferre
303 2059 379 2121 hinc
396 2068 489 2140 potes
504 2078 512 2133 ;
535 2076 575 2120 an
596 2056 714 2140 [mavis
730 2066 767 2121 ut
782 2057 908 2140 aii]quo
924 2059 1020 2124 abeat
1035 2058 1130 2137 sorae,

184 2173 308 2236 Vrbem
326 2172 399 2236 exul
419 2171 558 2254 [linquat
574 2167 695 2253 sactus]
714 2171 767 2262 hie
784 2192 882 2235 causa
898 2173 969 2235 tui?
1197 2172 1231 2241 ⁶5

123 2359 130 2366 ι
184 2285 270 2368 Quoi
287 2273 408 2348 sortem
427 2283 493 2366 [vix
509 2283 599 2365 dare]
618 2283 754 2346 licebit?
799 2285 878 2348 DA.
903 2284 993 2367 Quin
1011 2307 1076 2350 nou
1093 2298 1178 2370 peto,

184 2399 268 2462 Mihi
284 2396 397 2462 faenus
414 2397 538 2473 reddat,
555 2394 675 2459 faenus
686 2407 832 2460 actutum
848 2397 940 2462 mihi.

188 2512 220 2574 T
215 2512 255 2576 R.
266 2521 271 2530 ’
282 2511 442 2574 Molestus
459 2533 500 2574 ne
517 2511 580 2586 sis;
606 2531 702 2574 nemo
717 2511 773 2574 dat
790 2531 797 2587 ;
821 2531 892 2592 age,
909 2511 996 2594 quod
1012 2512 1113 2576 lubet.

183 2625 235 2688 Tu
253 2625 349 2696 solus,
366 2624 472 2698 credo,
488 2622 622 2688 faenore
639 2635 813 2705 argentum
831 2624 932 2688 datas.

182 2737 258 2802 DA.
284 2736 374 2801 Cedo
391 2734 524 2800 faenus!
548 2737 648 2800 redde
664 2735 800 2801 saenus!
825 2735 939 2801 faenus
956 2737 1099 2801 reddite!
1198 2748 1231 2801 70

183 2848 334 2912 Daturin’
351 2849 430 2912 estis
446 2848 560 2912 faenus
576 2860 724 2913 actutum
741 2850 845 2913 mihi?

184 2965 271 3026 Date
289 2962 368 3025 mihi
384 2959 516 3025 faenus!
568 2962 599 3023 T
595 2963 637 3026 R.
664 2963 795 3026 Faenus
812 2962 885 3039 illic,
902 2962 1017 3027 faenus
1033 2962 1106 3027 hie!

184 3075 299 3138 Nescit
317 3075 448 3156 quidem
466 3075 527 3163 nisi
544 3073 659 3137 faenus
676 3072 851 3138 fabularier

185 3188 395 3270 [Veterator3
420 3185 539 3270 neque]
557 3207 619 3268 ego
636 3187 800 3250 tetriorem
819 3186 948 3251 beluam

182 3301 315 3364 Vidisse
331 3320 384 3362 me
401 3321 554 3381 umquam
573 3320 782 3383 quemquam,
799 3321 897 3382 quam
915 3313 956 3376 te,
973 3320 1106 3365 censeo.
1196 3309 1229 3367 75

183 3414 258 3479 DA.
283 3413 360 3476 Non
377 3412 492 3494 edepol
509 3432 596 3474 nunc
613 3432 665 3474 me
683 3423 717 3474 tu
735 3413 805 3475 istis
822 3414 931 3476 verbis
947 3414 1086 3477 territae.

189 3527 220 3590 T
215 3527 258 3591 H.
286 3526 384 3609 Quod
402 3525 478 3588 illuc
495 3536 546 3588 est
562 3522 686 3600 faenus,
702 3546 847 3607 opseem,
864 3526 951 3608 quod
967 3526 1032 3591 illic
1048 3526 1156 3609 petit'?
