2810 4062
480 330 597 384 ncrvs
625 332 673 382 111.
728 331 847 382 sesua
875 333 908 383 11.
1172 336 1222 408 39

175 510 245 575 TR.
293 511 444 587 Patrone,
475 510 571 574 salve.
635 509 687 574 SI.
735 508 792 572 Nil
822 529 931 573 moror
961 509 1006 573 mi
1036 508 1222 573 istiusmodi

299 621 449 686 cluentis

175 733 207 797 T
202 735 243 800 R.
277 735 375 798 Nunc
393 735 462 809 boc,
476 735 563 817 quod
580 733 621 797 ad
638 744 671 797 te
687 744 801 797 noster
815 755 868 796 me
885 733 974 797 misit
990 754 1091 796 senex
1103 769 1147 780 —

172 846 224 910 SI.
259 847 332 908 Hoc
349 846 429 909 mihi
445 846 608 927 responde
624 845 777 927 primum,
794 846 881 927 quod
897 865 959 926 ego
976 857 1009 908 te
1025 864 1125 926 rogo:
1183 843 1185 847 ’

171 958 240 1021 Iarn
256 959 297 1022 de
313 958 385 1021 istis
402 959 500 1021 rebus
516 969 626 1020 voster
641 958 719 1040 quid
736 957 840 1020 sensit
857 958 983 1020 senex?
1188 953 1265 1114 3?

176 1071 242 1134 TR.
277 1070 368 1132 Nihil
384 1071 567 1153 quicquam.
616 1071 668 1134 Sl.
703 1068 1216 1152 Numquidinerepavitfilium.

175 1182 243 1246 TR.
275 1183 358 1244 Tam
389 1181 533 1266 liquidus
564 1193 624 1257 est,
655 1202 752 1264 quam
785 1181 909 1265 liquida
938 1201 1010 1244 esse
1042 1191 1223 1264 tempestas

300 1295 390 1359 solet.

172 1407 270 1471 Nunc
287 1418 320 1470 te
336 1408 399 1471 hoc
414 1428 508 1471 orare
524 1407 619 1471 iussit
636 1427 733 1490 opere
750 1426 912 1482 maxumo,

169 1519 217 1584 Vt
233 1518 297 1583 sibi
313 1518 425 1583 liceret
442 1518 601 1602 inspicere
618 1520 676 1582 has
692 1519 783 1582 aedis
800 1530 886 1584 tuas

171 1631 226 1696 SI.
260 1631 336 1694 Non
361 1642 439 1695 sunt
460 1631 606 1695 venales.
658 1630 726 1695 TR.
761 1630 840 1695 Scio
864 1630 1017 1714 equidem
1033 1630 1143 1708 istuc;
1167 1627 1224 1692 sed

301 1762 402 1805 senex
1189 1736 1223 1806 65

171 1854 385 1919 Gunaeceum
401 1853 575 1918 aedificare
591 1853 657 1917 volt
678 1853 732 1917 bic
748 1853 781 1916 in
798 1854 875 1931 suis,

171 1966 215 2030 Et
231 1965 378 2029 balineas
394 1976 427 2028 et
443 1966 666 2029 ambulacrum
683 1976 717 2028 et
733 1966 904 2048 porticum.

172 2076 229 2142 sl.
262 2077 351 2160 Quid
370 2075 452 2160 [ille]
470 2077 735 2141 consomniavit?
786 2078 854 2143 TR.
887 2079 960 2161 Ego
977 2077 1085 2142 dicam
1109 2076 1180 2141 tibi.

172 2190 260 2254 Dare
277 2190 344 2254 volt
360 2209 492 2253 uxorem
511 2190 586 2264 lilio,
602 2201 763 2272 quantum
779 2201 910 2274 potest:

171 2303 228 2365 Ad
243 2322 316 2366 eam
332 2322 401 2365 rem
418 2299 525 2364 faeere
540 2303 608 2365 volt
625 2323 743 2366 novom
761 2277 976 2384 gunaeceum.
1192 2311 1226 2363 7ο

172 2414 259 2477 Nam
276 2414 338 2477 sibi
353 2414 506 2477 laudasse
522 2415 620 2478 hasce
637 2415 682 2480 ait
699 2415 958 2479 architectonem

173 2526 295 2588 Nescio
311 2545 418 2608 quem,
434 2547 506 2590 esse
522 2526 711 2590 aedificatas
728 2526 788 2590 has
804 2547 883 2591 sane
900 2527 1003 2589 bene:

174 2638 273 2701 Nune
290 2637 368 2700 hinc
385 2638 571 2719 exemplum
590 2659 709 2720 capere
723 2639 801 2715 volt,
818 2639 880 2702 nisi
898 2650 934 2702 tu
951 2636 1050 2702 nevis.

175 2749 227 2814 Sl.
260 2749 345 2812 Nam
372 2749 425 2813 ille
449 2770 489 2812 ex
514 2749 600 2814 malo
633 2750 782 2833 [malum]
811 2751 889 2813 hine
915 2770 1014 2832 opere
1039 2748 1224 2832 exemplum

303 2861 394 2943 petit.

180 2975 249 3036 ΤΚ.
281 2973 372 3055 Quin
410 2986 504 3039 aestu
538 2973 795 3058 aud[ivit]‚esse
833 2974 878 3037 ibi
916 2971 1070 3056 vi[etum]
1110 2972 1227 3055 perbo-

304 3105 405 3148 num:
1193 3095 1225 3150 75

178 3196 248 3262 Sub
262 3195 318 3260 diu
336 3196 458 3280 col[ere
475 3197 522 3281 te]
540 3219 644 3281 usque
659 3209 851 3280 perpetuom
869 3198 964 3262 diem.

176 3309 229 3373 Sl.
262 3309 334 3373 Imo
364 3309 480 3392 edepol
512 3330 599 3385 vero,
624 3330 723 3393 quom
755 3329 987 3393 usquequaque
1018 3308 1135 3372 umbra
1164 3320 1225 3384 est,

306 3433 417 3485 tamen

177 3533 233 3598 Sol
250 3554 380 3616 semper
396 3535 449 3597 hic
466 3546 514 3597 est
533 3554 636 3616 usque
652 3554 671 3596 a
688 3533 775 3596 mani
791 3535 830 3597 ad
849 3553 1040 3615 vesperum:
