2810 4062
202 237 246 304 16
498 251 630 304 rnnvm
657 241 929 304 uusrmtnmn.

196 428 388 494 PHILOL.
415 429 493 494 Non
515 428 628 494 videor
650 427 769 492 vidisse
792 417 899 492 lenam
923 426 1123 494 callidiorem
1146 426 1245 492 ullam

327 542 472 606 alteram.

197 655 244 720 Vt
278 654 385 738 lepide
415 663 514 737 atque
538 663 651 717 astute
681 652 715 715 in
745 662 890 717 mentem
921 652 1012 715 venit
1042 652 1084 716 de
1115 651 1248 735 speculo
1284 673 1287 680 ·

327 765 451 829 malae!
646 827 647 830 ,

194 877 399 941 PHILEM.
425 877 580 942 Etiamne
595 877 773 960 unguentis
789 875 1000 960 unguendam
1014 876 1152 944 censes?
1185 873 1247 942 SC.

292 1003 295 1009 ’
328 986 619 1053 Minumeieceris.
650 1048 652 1052 ,
1187 969 1247 1054 115

194 1101 399 1166 PHILEM.
425 1100 661 1183 Quapropter?
690 1099 751 1166 SC.
780 1102 868 1184 Quia
882 1112 1010 1166 ecastor
1025 1100 1142 1165 mulier
1157 1111 1248 1166 recte

326 1211 401 1288 olet,
417 1212 473 1275 ubi
490 1212 571 1275 nihil
587 1213 661 1276 olet.

197 1325 283 1389 Nam
309 1325 412 1388 istaec
428 1334 566 1400 veteres,
589 1345 674 1408 quae
698 1345 733 1388 se
749 1324 928 1407 unguentis
953 1323 1127 1399 unctitant,
1149 1323 1249 1388 inter·

325 1437 427 1518 poleS,

194 1547 344 1624 Vetulae,
361 1548 543 1624 edentulae,
553 1568 636 1631 quae
652 1547 733 1612 vitia
747 1548 893 1631 corporis
909 1545 984 1612 suco
999 1547 1164 1626 occulunt,

194 1660 261 1724 Vbi
277 1679 350 1726 sese
365 1661 467 1724 sudor
480 1680 555 1724 cum
572 1659 752 1742 unguentis
768 1660 978 1735 consociavit,
994 1660 1069 1724 ilico

196 1772 314 1836 Itidem
342 1772 441 1847 olent,
469 1771 563 1856 quasi
589 1792 687 1855 quom
711 1791 777 1835 una
803 1764 906 1836 multa
929 1773 999 1836 iura
1025 1770 1173 1836 confudit
1196 1792 1250 1836 co·

326 1905 403 1948 cus:
1202 1896 1250 1934 ¹²0

198 1997 287 2080 Quid
310 1997 428 2073 oleant,
452 1996 592 2072 nescias,
617 1996 679 2060 nisi
702 1995 735 2059 id
759 2016 871 2073 unum,
888 2007 925 2060 ut
949 1996 1034 2060 male
1050 1995 1137 2061 olere
1152 1995 1248 2061 intel·
1271 2015 1274 2022 ·

326 2109 423 2192 legas.

118 2263 121 2268 -
195 2221 386 2286 PHILOL.
412 2220 459 2284 Vt
482 2221 638 2304 perdocte
661 2231 782 2284 cuncta
804 2219 922 2284 calletl
960 2219 1042 2283 nihil
1065 2219 1128 2285 hac
1150 2219 1250 2286 docta

326 2333 477 2398 docti-us!

194 2447 318 2510 Verum
337 2444 415 2509 illud
432 2466 504 2509 esse
522 2463 673 2507 maxuma
686 2444 771 2506 adeo
786 2463 862 2524 pars
877 2453 1061 2507 vostrorum
1077 2441 1249 2525 intellegit,

198 2559 327 2642 Quibus
343 2578 425 2621 anus
441 2556 530 2620 domi
546 2567 623 2620 sunt
640 2575 765 2630 uxores,
781 2575 864 2638 quae
880 2575 939 2619 vos
954 2556 1031 2619 dote
1048 2563 1246 2620 meruerunt.

195 2670 397 2734 PHILEM.
421 2668 588 2751 Agedum,
605 2665 793 2749 contempla
815 2687 929 2730 aurum
952 2677 985 2730 et
1009 2666 1138 2749 pallam,
1154 2664 1248 2730 satin’
1360 2681 1366 2696 ·

326 2782 407 2846 haec
423 2801 476 2844 me
492 2780 616 2854 deceat,
636 2780 774 2862 Scapha.
1200 2789 1248 2864 1²¹5

198 2893 259 2960 SC.
286 2895 363 2958 Non
388 2913 440 2957 me
463 2913 578 2956 curare
601 2892 685 2955 istuc
708 2901 846 2973 oportet.
891 2891 1094 2956 PHILEM.
1128 2890 1248 2974 Quem,

327 3024 470 3088 opsecro,
487 3003 612 3086 igitur?
660 3001 722 3067 SC.
748 3003 900 3085 Eloquar.

199 3117 440 3182 Philolachem:
462 3115 491 3180 is
506 3136 549 3179 ne
564 3113 642 3198 quid
661 3125 749 3179 emat
765 3114 828 3178 nisi
844 3115 932 3198 quod
955 3114 1014 3179 tibi
1029 3113 1159 3198 placere
1175 3133 1251 3179 cen·

330 3239 407 3292 seat.

200 3342 286 3406 Nam
297 3353 430 3404 ¹amator
446 3338 626 3404 meretricis
643 3359 749 3402 mores
765 3338 827 3400 sibi
844 3337 923 3400 emit
939 3357 1018 3402 auro
1033 3349 1066 3402 et
1079 3357 1242 3420 purpura:

201 3452 290 3536 Quid
307 3473 389 3537 opus
405 3465 464 3528 est,
480 3452 566 3535 quod
583 3471 677 3513 suum
695 3470 767 3514 esse
783 3449 873 3524 nolit,
884 3448 914 3511 ei
931 3448 1015 3512 ultro
1031 3448 1251 3514 ostentarier?
