2810 4062
194 273 237 322 22
511 271 641 321 PLAVTI
668 269 937 321 MOSTELLARIA.

190 449 268 514 DE.
294 449 537 523 Callidamates,
564 447 808 523 Callidamates,
834 447 954 530 vigila!
1012 445 1078 512 CA.
1095 447 1243 531 Vigilo:

219 624 222 628 .
321 565 402 627 cedo
419 575 455 626 ut
471 562 589 625 bibam.

189 676 267 740 DE.
291 676 420 757 Vigila:
443 686 536 757 pater
545 673 677 736 advenit
689 692 826 755 peregre
842 672 1055 738 Philolachae.
1098 671 1163 739 CA.
1181 674 1246 738 Va-

319 789 386 852 leat
401 801 502 870 pater.
768 806 770 810 ·

189 900 383 965 PHILOL.
406 900 505 964 Valet
522 899 576 963 ille
592 899 746 981 quidem;
770 912 867 982 atque
885 897 977 984 [ego]
995 899 1128 982 disperi.
1178 898 1242 965 CA.
1352 965 1353 968 ,

320 1014 377 1076 Bis
392 1013 529 1096 peristi?
576 1011 641 1093 Qui
658 1012 788 1093 potest?

189 1125 306 1190 PHIL
313 1126 380 1191 OL.
405 1125 537 1209 Quaeso
554 1125 679 1206 edepol,
695 1144 852 1207 exsurge:
875 1135 970 1208 pater
984 1124 1127 1189 advenit.
1175 1123 1241 1190 CA.

319 1240 412 1303 Tuus
427 1238 517 1302 venit
533 1237 650 1320 pater?

192 1352 273 1416 lube
288 1352 377 1417 abire
394 1372 532 1415 rursum.
580 1349 668 1433 Quid
684 1337 732 1414 ¹illi
749 1350 866 1414 reditio
883 1351 948 1415 huc
963 1352 1062 1414 etiam
1078 1348 1164 1414 suit?
1208 1362 1243 1416 30

189 1465 380 1529 PHILOL.
408 1464 498 1547 Quid
515 1483 577 1544 ego
593 1464 713 1544 agam?
763 1463 859 1527 Pater
875 1463 937 1527 iam
957 1465 1010 1527 hic
1027 1485 1079 1528 me
1096 1463 1241 1528 offendet

320 1579 474 1641 miserum
492 1576 670 1640 adveniens
687 1577 824 1648 ebrium,
1216 1650 1218 1654 Ι

190 1690 296 1756 Aedis
323 1690 438 1773 plenas
464 1689 675 1753 convivarum
702 1700 735 1752 et
760 1688 942 1753 mulierum.
1001 1689 1162 1753 Miserum
1188 1699 1240 1753 est

320 1823 414 1885 opus,

191 1915 298 1997 Igitur
313 1915 445 1977 demum
462 1912 572 1977 fodere
588 1926 734 1995 puteum,
752 1913 808 1977 ubi
825 1913 896 1977 sitis
912 1911 1022 1978 fauces
1039 1923 1151 1990 tenet;

191 2028 285 2092 Sicut
302 2048 364 2109 ego
380 2030 524 2091 adventu
541 2028 642 2109 patris
658 2047 747 2090 nunc
764 2047 894 2109 quaero,
905 2027 982 2109 quid
998 2024 1115 2090 faciam
1134 2027 1238 2092 miser.

196 2141 227 2203 T
222 2142 263 2205 R.
289 2141 377 2203 Ecce
400 2151 520 2216 autem,
541 2140 595 2203 hic
618 2140 780 2223 deposivit
803 2152 910 2222 caput,
926 2150 960 2204 et
982 2139 1114 2204 dormit.
1162 2140 1241 2203 Sus·

320 2253 393 2316 cita.
1207 2263 1239 2322 35

189 2364 381 2430 PHILOL.
406 2365 518 2428 Etiam
546 2364 685 2446 vigilas?
743 2365 847 2439 Pater,
875 2364 1018 2446 inquam,
1044 2365 1149 2428 aderit
1175 2364 1238 2427 iam

320 2478 492 2541 hiemeus.
541 2477 607 2543 CA.
632 2477 710 2542 Ain’
728 2488 773 2552 tu,
790 2477 906 2560 pater?

191 2590 282 2654 Cedo
298 2591 404 2653 soleas
421 2589 511 2666 mihi,
527 2601 563 2653 ut
580 2610 672 2653 arma
688 2590 834 2672 capiam!
857 2590 921 2652 iam
938 2589 993 2672 pol
1014 2609 1077 2671 ego
1093 2588 1238 2653 occidam

320 2713 457 2784 patrem.

189 2814 381 2879 PHILOL.
419 2815 531 2878 Perdis
558 2833 647 2877 rem:
687 2825 768 2879 tace.
815 2814 956 2888 Amab0,
981 2814 1122 2897 abripite
1152 2814 1241 2876 hunc

321 2928 408 2992 intro
425 2939 572 2991 actutum
591 2927 676 2990 iuter
693 2947 817 2991 manus.

192 3039 257 3104 CA
369 3038 388 3076 ἦ
477 3038 495 3076 ※
586 3037 604 3075 ἥ
694 3039 713 3076 ξ
758 3038 776 3072 ll
866 3037 884 3075 ἥ
929 3037 948 3076 ἦ
1036 3037 1056 3076 ἢ
1100 3035 1119 3075 ἦ
1164 3035 1183 3075 ἦ

188 3151 381 3218 PHILOL.
407 3151 510 3215 Perii!
563 3151 628 3216 TR.
656 3153 753 3215 Habe
778 3154 899 3216 bonum
924 3151 1088 3216 animum:
1112 3172 1175 3235 ego
1198 3151 1241 3215 is-

320 3274 390 3328 tum
407 3262 513 3346 lepide
530 3265 699 3328 medicabo
715 3275 850 3328 metum.
1207 3275 1242 3328 40

190 3376 384 3442 PHILOL.
409 3377 529 3440 Nullus
552 3379 643 3440 sum!
695 3377 725 3438 T
722 3379 764 3442 R.
791 3378 939 3443 Taceas:
964 3398 1036 3462 ego,
1059 3377 1116 3462 qui
1139 3377 1241 3442 istaec

321 3491 442 3568 sedem,
458 3491 651 3566 meditabor,
667 3491 737 3554 tibi.
