2810 4062
191 299 239 387 36
503 316 635 366 PLAVTI
662 315 935 367 nosramnnm.

192 495 290 577 Roga
311 493 547 562 circumducat.
598 495 629 557 Τ
625 495 667 558 R.
694 494 790 558 Heus
814 506 849 558 tu
863 495 870 559 l
883 531 926 542 —
939 494 987 558 At
1011 495 1065 560 hic
1080 505 1158 560 sunt
1174 516 1243 560 mu·

320 605 434 670 lieres:
1197 619 1244 673 145

148 783 155 792 ,
187 716 379 782 Videndum
394 728 446 783 est
464 719 614 800 primum,
628 729 737 782 utrum
755 739 813 783 eae
825 720 982 792 velintne,
995 740 1036 784 an
1054 740 1121 784 non
1132 719 1244 786 velint

193 830 225 892 T
221 829 265 894 H.
291 830 421 892 Bonum
438 850 642 914 aequomque
658 851 754 894 oras:
777 845 972 912 percontare
989 843 1023 895 et
1039 852 1128 914 roga.

189 941 262 1022 Ego
279 941 333 1004 hic
350 941 519 1023 tantisper,
535 943 614 1004 dum
631 942 708 1017 exio,
725 953 758 1006 te
774 942 927 1024 opperiar
942 941 1030 1006 soris.

193 1053 224 1115 T
220 1054 266 1116 R.
291 1053 336 1116 Di
354 1064 386 1116 te
402 1055 549 1137 deaeque
565 1055 673 1118 omnis
689 1052 840 1117 funditus
857 1056 1005 1136 perdant,
1023 1076 1143 1120 senex:

189 1165 241 1230 Ita
256 1185 331 1228 mea
346 1165 486 1229 consilia
504 1167 649 1249 undique
665 1186 838 1248 oppugnas
854 1167 947 1231 male.
1095 1148 1096 1152 Ἰ
1196 1177 1245 1233 150

188 1278 295 1360 Euge,
311 1290 455 1359 optume,
473 1298 597 1353 eccum,
614 1279 743 1341 aedium
762 1278 915 1341 dominus
931 1276 1019 1343 foras

189 1389 280 1453 Simo
297 1390 506 1471 progreditur
521 1389 624 1471 ipsus.
674 1390 752 1453 Huc
769 1410 973 1466 concessero,

188 1500 276 1564 Dum
295 1499 375 1562 mihi
392 1513 542 1562 senatum
560 1499 675 1562 consili
693 1501 726 1562 in
743 1520 800 1562 cor
816 1520 980 1563 convoco:

187 1611 296 1694 Igitur
311 1622 381 1674 tum
399 1612 554 1674 accedam
570 1611 669 1686 hunc,
686 1611 818 1693 quando
835 1611 914 1694 quid
930 1631 1025 1695 agam
1042 1611 1205 1676 invenero.

1084 1747 1086 1750 .
1194 1685 1289 1773 ae

645 1887 783 1914 -οοο-

347 2057 349 2062 ¹
400 2109 582 2184 Actus
623 2110 694 2183 111.
758 2089 941 2183 §CENA
982 2110 1031 2182 n.

409 2303 508 2367 Snto.
561 2302 822 2366 Tnsvnoptoss.
870 2302 1017 2366 Tnnmo.

186 2491 238 2556 Sl.
264 2489 385 2553 Melius
402 2509 489 2553 anno
506 2489 568 2551 hoc
585 2486 665 2551 mihi
682 2509 749 2551 non
765 2486 828 2576 suit
843 2488 941 2563 domi,

184 2601 256 2664 Nec
273 2601 359 2682 quod
377 2620 442 2663 una
457 2619 535 2662 esca
550 2619 603 2662 me
619 2598 738 2662 iuverit
754 2598 868 2680 magis.

186 2713 362 2776 Prandium
381 2733 461 2774 uxor
476 2712 556 2774 mihi
572 2712 754 2793 perbonum
772 2711 862 2774 dedit
876 2732 883 2786 ;

184 2825 284 2888 Nunc
300 2824 477 2887 dormitum
495 2824 586 2886 iubet
603 2844 656 2885 me
673 2823 728 2886 ire.
776 2821 947 2886 Minume!

185 2937 261 3000 Non
278 2935 359 2998 mihi
375 2934 459 2998 sorte
474 2935 581 2997 visum
598 2934 673 2998 ilico
687 2933 758 3008 fuit,
779 2964 781 2973 ¹

184 3048 305 3112 Melius
322 3069 419 3130 quom
438 3047 620 3128 prandium,
637 3066 735 3128 quam
754 3046 848 3121 solet,
865 3046 976 3111 dedit:

184 3161 299 3225 Voluit
316 3160 348 3221 in
366 3159 554 3222 cubiculum
571 3159 734 3222 abducere
751 3178 803 3221 me
819 3178 911 3222 anns,

186 3272 263 3334 Non
280 3272 403 3334 bonum
420 3281 471 3333 est
488 3270 653 3333 somnium
670 3271 711 3332 de
727 3268 886 3351 prandio;
910 3271 1037 3351 apage!

185 3382 378 3445 Clanculum
395 3403 435 3445 ex
451 3382 586 3444 aedibus
603 3401 655 3443 me
671 3380 760 3443 edidi
776 3378 871 3443 foras.

185 3489 271 3556 Tota
286 3504 397 3575 turget
413 3493 493 3556 mihi
511 3513 590 3554 uxor
606 3491 675 3555 scio
693 3491 809 3573 [nunc]
827 3489 925 3554 domi.
