2810 4062
474 314 591 366 Acrvs
619 315 672 366 111.
723 314 844 366 scena
871 317 894 367 1.
1168 314 1212 388 35

169 492 199 554 T
194 491 239 556 H.
265 491 372 556 Petito
387 511 467 555 cras,
512 491 589 555 DA.
615 490 730 556 Abeo:
754 501 805 555 sat
821 491 934 567 habeo,
951 492 979 556 si
995 513 1067 556 cras
1082 490 1161 557 fero

167 605 236 678 ΤΚ,
262 604 387 668 Malum
399 605 540 687 -quod
556 603 612 667 isti
628 604 662 667 di
677 605 823 687 deaeque
839 625 955 668 omnes
970 605 1084 670 duint:
1166 617 1215 656 1²0

163 716 214 780 Ita
230 737 304 780 mea
318 716 454 780 consilia
470 717 640 797 perturbat
656 719 852 798 penissume.

161 828 296 890 Nullum
314 828 429 910 edepol
447 828 544 891 hodie
559 849 664 909 genus
680 839 732 891 est
748 828 918 891 bominum
935 828 1055 893 tetrius

161 939 233 1001 Nec
250 937 358 1000 minus
374 939 461 1001 bono
477 959 551 1002 cum
569 938 647 1013 iure,
664 959 761 1021 quam
779 938 986 1002 danisticum.

165 1051 195 1113 Τ
191 1050 237 1116 H.
264 1050 340 1132 Qua
355 1051 387 1113 in
406 1051 540 1132 regione
555 1051 635 1114 istas
650 1052 742 1114 aedis
757 1050 838 1114 emit
854 1051 964 1114 filius?

164 1149 233 1214 TR.
259 1151 347 1213 Ecce
377 1163 486 1214 autem
518 1150 620 1231 perii!
683 1150 754 1215 TH.
789 1150 927 1215 Dicisne
958 1151 1029 1227 hoc,
1061 1152 1149 1234 quod
1180 1162 1213 1216 te

289 1263 395 1344 rogo?
1163 1275 1211 1329 ¹25

163 1374 194 1436 T
190 1375 232 1437 R.
258 1374 373 1437 Dicam
389 1395 396 1449 ;
420 1375 479 1436 sed
495 1395 615 1437 nomen
632 1375 755 1438 domini
771 1396 892 1458 quaero
908 1375 987 1458 quid
1006 1375 1081 1438 siet.

163 1487 194 1547 T
189 1487 232 1551 H.
257 1487 342 1568 Age,
354 1487 601 1550 comminiscere
614 1507 700 1568 ergo.
745 1488 776 1550 T
772 1489 813 1551 R.
831 1487 920 1570 Quid
932 1507 1211 1571 egonuncagam

158 1597 233 1672 Nisi
250 1609 286 1662 ut
302 1597 815 1680 invicinunshuncmroxumum
832 1599 1065 1664 mendacium?

158 1710 225 1773 Eas
242 1710 361 1773 emisse
376 1710 466 1773 aedis
483 1709 581 1773 huius
597 1710 705 1774 dicam
722 1710 833 1775 filium.

157 1811 307 1885 Calidum
325 1821 434 1885 hercle
449 1822 560 1884 audivi
575 1829 650 1886 es'se
666 1833 836 1904 optumum
854 1822 1062 1886 mendacium
1078 1843 1086 1900 ;
1163 1835 1213 1889 130

157 1933 307 1996 Calidum
324 1934 386 1997 hoc
403 1946 473 1998 est:
497 1934 560 1996 etsi
575 1935 689 2015 procul
704 1936 808 2010 abest,
827 1934 891 1998 urit
907 1935 999 1999 male.

157 2045 326 2128 Quidquid
342 2046 395 2109 dei
411 2046 535 2122 dicunt,
552 2047 584 2108 id
601 2057 728 2110 rectum
745 2056 796 2109 est
812 2047 928 2112 dicere

160 2157 232 2221 TH.
265 2157 353 2240 Quid
384 2158 508 2240 igitur?
541 2158 606 2222 iam
637 2160 869 2222 commentus?
929 2159 998 2224 TR.
1032 2159 1077 2224 Di
1108 2159 1208 2224 istum

285 2270 458 2353 perduint!

153 2419 198 2429 -
215 2383 286 2447 Imo
303 2383 412 2446 istunc
429 2383 537 2464 potius
552 2384 615 2447 1-
627 2383 680 2447 De
696 2383 805 2448 vicino
822 2384 884 2448 hoc
900 2403 1060 2467 proxumo

156 2495 249 2558 Tuus
264 2496 344 2558 emit
359 2495 450 2559 aedis
467 2495 561 2560 filius.
613 2495 684 2560 TH.
710 2495 941 2560 Bonan'fide?
1161 2507 1207 2561 ι35

159 2607 190 2669 T
186 2607 228 2670 R.
254 2606 291 2671 Si
308 2607 439 2689 quidem
457 2628 493 2671 es
509 2618 684 2689 argentum
700 2609 897 2681 redditum,
915 2617 985 2671 tum
1002 2607 1110 2684 bona;

154 2719 190 2782 Si
207 2719 394 2782 redditurus
411 2739 475 2783 non
494 2740 539 2793 ες,
557 2741 622 2782 non
640 2721 719 2784 emit
736 2721 829 2784 bona.

159 2830 190 2893 Τ
185 2831 231 2894 H.
259 2831 335 2893 Non
352 2831 386 2892 in
402 2831 474 2895 loco
489 2832 569 2895 emit
586 2833 739 2914 perbono.
791 2833 823 2895 T
818 2833 859 2895 R.
885 2832 957 2895 Imo
973 2830 1006 2893 in
1023 2841 1167 2912 optumo.

159 2942 231 3004 ΤΗ.
256 2942 363 3024 Cupio
375 2942 485 3006 hercle
502 2944 664 3026 inspicere
680 2945 780 3008 hasce
790 2944 900 3007 aedis:
924 2944 1095 3025 pultadum
1111 2940 1205 3017 soree,

152 3054 267 3138 Atque
283 3075 384 3118 evoca
399 3055 540 3139 aliquem
557 3056 647 3119 intus
665 3057 706 3118 ad
724 3068 766 3129 te,
784 3055 917 3119 Tranio.
1158 3065 1206 3117 140

158 3165 188 3227 Τ
185 3167 227 3228 R.
252 3166 342 3229 Ecce
357 3178 467 3230 autem
485 3167 603 3230 iterum
621 3187 717 3241 nunc,
735 3167 813 3250 quid
829 3167 945 3240 dicam,
962 3166 1086 3230 nescio.

153 3277 276 3340 Iterum
295 3277 358 3340 iam
375 3279 415 3342 ad
433 3299 534 3341 unum
553 3298 667 3341 saxum
683 3299 736 3341 me
752 3278 873 3341 fluctus
888 3275 1009 3341 ferunt.

153 3388 242 3470 Quid
260 3390 371 3452 nunc?
418 3390 494 3453 Non
513 3389 632 3464 hercle,
648 3389 726 3472 quid
743 3409 832 3452 nunc
849 3387 974 3460 faciam,
991 3387 1139 3469 reperi0;

152 3500 343 3565 Manulesto
359 3515 480 3565 teneor.
534 3502 563 3562 T
559 3501 602 3564 H.
629 3501 818 3564 Evocadum
835 3501 976 3583 aliquem
993 3499 1103 3562 ocius:
