2810 4062
231 244 276 316 52
540 245 672 298 PLAVTI
700 245 972 298 MOSTELLARIA.

234 421 307 494 ΤΗ.
333 421 420 498 Heu,
432 422 549 506 edepol
566 433 693 505 patrem
706 442 782 486 eum
798 423 952 486 miserum
970 423 1158 505 praedicas!
1203 423 1281 490 PH.

360 533 453 598 Nihil
469 537 532 598 hoc
548 535 680 617 quidem
698 544 757 609 est,

231 645 385 728 Triginta
400 647 516 722 minae,
533 668 611 729 prae
627 667 724 729 quam
742 647 822 710 alios
839 645 980 729 dapsiles
997 660 1149 730 sumptus
1164 645 1252 714 facit.

231 759 376 822 Perdidit
392 772 529 842 patrem.
575 759 671 822 Vnus
687 760 760 824 istic
777 781 888 824 servos
903 772 955 824 est
971 781 1188 838 saeerrumus,

230 871 373 950 Tranio;
398 873 426 937 is
442 872 494 936 vel
512 873 651 936 Herculi
668 883 836 936 conterere
852 884 1023 956 quaestum
1041 873 1172 954 possiet.
1247 884 1282 941 45

231 984 359 1067 Edepol
386 1005 429 1048 ne
456 1005 509 1049 me
536 985 607 1050 eius
637 985 741 1067 patris
767 985 886 1050 misere
911 985 1068 1061 miseret;
1101 986 1157 1069 qui
1183 1007 1282 1070 quom

358 1097 463 1162 istaec
479 1097 562 1162 sciet

230 1208 335 1272 Facta
350 1207 404 1285 ita,
420 1209 572 1274 amburet
589 1209 709 1272 misero
725 1208 755 1272 ei
772 1208 937 1272 corculum
956 1209 1184 1274 carbunculus.

236 1320 305 1385 ΤΗ.
331 1320 367 1386 Si
394 1322 526 1406 quidem
554 1321 656 1384 istaec
680 1340 757 1384 vera
784 1331 869 1383 sunt.
926 1320 1003 1384 PH.
1029 1321 1119 1403 Quid
1146 1342 1282 1397 merear,

360 1433 573 1516 quamobrem
590 1431 752 1495 mentiar?

232 1545 302 1610 SE.
329 1546 424 1609 Heus
448 1546 530 1608 vos!
562 1545 676 1628 ecquis
701 1544 806 1627 aperit
832 1544 916 1608 has?
970 1545 1046 1609 PH.
1084 1547 1172 1628 Quid
1199 1547 1283 1612 istas

361 1657 479 1740 pultaS,
496 1657 550 1720 ubi
567 1676 664 1720 nemo
681 1657 771 1719 intus
787 1657 860 1720 est?

231 1770 311 1834 Alio
326 1772 423 1835 credo
439 1770 652 1835 comissatum
669 1769 798 1833 abisse:
820 1770 976 1834 abeamus
993 1791 1080 1834 nunc
1096 1771 1170 1834 iam.
1250 1785 1286 1838 50

236 1884 306 1947 TH.
332 1884 445 1961 Puere,
461 1884 571 1947 iamne
586 1882 680 1946 abis?
725 1882 802 1946 PH.
830 1883 981 1946 Libertas
996 1883 1138 1965 paenula
1152 1895 1203 1948 est
1220 1895 1287 1948 ter-

362 2017 404 2078 go
421 2007 500 2073 tu03

233 2107 326 2184 Mihi,
344 2108 406 2172 nisi
424 2119 459 2172 ut
474 2109 590 2172 herum
614 2117 759 2170 metuam
776 2116 810 2170 et
826 2125 950 2179 curem,
967 2105 1047 2169 nihil
1071 2117 1131 2183 est,
1147 2107 1203 2190 qui
1219 2118 1287 2172 ter-

361 2240 439 2302 gum
457 2230 576 2302 tegam.
1273 2199 1277 2217 ¹

1230 2279 1288 2310 s„

692 2407 830 2436 -000--

420 2629 624 2706 ,ACTVS
664 2629 730 2705 IV.
783 2629 966 2703 SCENA
1006 2629 1072 2704 IV.

562 2830 818 2893 Trrsvrromrms
868 2829 965 2892 Simu.

1248 2220 1275 2271 *J
1298 2227 1377 2282 ,s

241 3017 310 3082 TH.
337 3017 420 3081 Perii
452 3017 582 3080 hercle!
620 3016 699 3100 quid
730 3036 813 3096 opus
845 3025 895 3078 est
926 3013 1059 3078 verbis?
1115 3014 1160 3082 Vt
1186 3017 1292 3084 verba
1368 2999 1370 3094 i

365 3130 469 3204 audio,

236 3242 311 3306 Non
330 3240 481 3324 equidem
498 3239 531 3303 in
549 3238 744 3321 Aeguptum
762 3237 840 3300 hinc
856 3238 953 3303 modo
970 3249 1083 3302 vectus
1099 3237 1155 3314 sui,

237 3354 302 3420 Sed
319 3355 417 3418 etiam
435 3353 468 3415 in
485 3364 589 3416 terras
605 3350 691 3414 solas
707 3369 845 3433 orasque
861 3349 1004 3414 ultumas

237 3468 318 3532 Sum
334 3466 596 3531 circumvectus:
618 3464 675 3539 ita,
692 3463 747 3526 ubi
764 3483 852 3526 nunc
868 3463 940 3536 sim,
958 3463 1077 3526 nescio.
