2810 4062
426 321 545 374 ACTVS
570 322 617 373 IV.
670 323 789 374 SCENA
816 323 864 375 IV.
1130 324 1175 398 53

125 499 251 566 Verum
269 500 333 564 iam
350 501 462 565 scibo:
487 520 562 563 nam
578 521 703 578 eccum,
719 487 807 564 unde
822 499 912 564 aedis
928 501 1015 566 filius
1161 514 1175 568 5

127 614 223 679 Meus
255 614 342 677 emit.
390 614 480 696 Quid
510 613 581 696 agis
611 615 672 677 tu?
719 613 773 678 SI.
809 614 843 676 A
873 612 942 677 foro
972 615 1089 679 incedo
1119 617 1176 679 do·

236 747 354 790 mum.
921 806 924 812 Ι

131 838 161 902 T
157 838 201 904 H.
229 840 319 903 Num
335 839 413 924 quid
430 839 588 921 processit
605 839 766 902 adfurum
787 838 872 922 [tibi]
891 839 987 903 hodie
1004 840 1106 904 novi?

127 951 179 1017 SI.
206 951 325 1017 Etiam.
378 953 408 1016 Τ
404 954 448 1017 H.
473 953 564 1035 Quid
588 953 748 1016 tandem?
795 950 848 1016 SI.
875 953 952 1015 Vidi
970 953 1077 1018 efferri
1093 975 1176 1019 mor-

255 1077 356 1130 tuom.
409 1066 480 1130 TH.
507 1066 606 1139 Hem,

125 1177 273 1242 Novom!
321 1180 373 1243 SI.
399 1178 511 1242 Vnum
528 1178 594 1240 vidi
612 1188 775 1241 mortuom
791 1173 900 1240 efferri
917 1172 1011 1242 foras.

126 1290 226 1354 Modo
242 1312 316 1354 eum
333 1293 451 1355 vixisse
467 1292 607 1356 aiebant.
660 1289 732 1354 TH.
757 1289 830 1352 Vae
846 1291 944 1372 capiti
961 1292 1036 1354 tuo!
1144 1303 1174 1342 10

125 1402 176 1466 Sl.
202 1403 292 1486 Quid
310 1416 345 1468 tu
361 1404 486 1468 otiosus
502 1424 553 1467 res
570 1424 671 1468 novas
689 1402 887 1486 requisitas?

130 1515 199 1580 TH.
226 1516 312 1598 Quia
329 1517 426 1581 hod1e
441 1517 560 1580 adveni
575 1537 719 1599 peregre
768 1516 820 1579 SI.
847 1516 986 1579 Promisi
1001 1514 1087 1580 foras

18 1677 22 1682 .
123 1627 178 1690 Ad
195 1649 320 1706 cenam,
337 1651 379 1693 ne
394 1651 446 1694 me
463 1641 495 1694 te
512 1651 628 1694 vocare
643 1650 785 1694 censeas.

126 1741 197 1806 TH.
224 1742 325 1806 Haud
341 1744 471 1826 postulo
495 1743 620 1826 edepol
668 1744 720 1807 SI.
744 1741 868 1807 Verum
885 1762 965 1817 cras,
982 1742 1045 1805 nisi
1071 1681 1171 1828 [quis]

254 1857 344 1939 prius

120 1967 298 2032 Vocaverit
315 1990 375 2045 me,
392 1967 442 2033 vel
459 1973 543 2052 apud
562 1983 594 2035 te
611 1991 779 2035 cenavero.
1142 1979 1171 2038 1⁵

126 2080 157 2142 T
152 2080 195 2145 H.
222 2081 275 2145 Ne
291 2082 375 2146 istuc
391 2083 523 2166 quidem
541 2084 656 2166 edepol
674 2085 810 2167 postulo.
860 2083 933 2147 Nisi
950 2083 1028 2165 quid
1045 2081 1150 2165 magis

122 2192 169 2256 Es
185 2206 374 2277 occupatus,
390 2216 523 2278 operam
542 2197 620 2259 mihi
637 2196 686 2260 da.
736 2197 789 2260 SI.
816 2196 979 2260 Maxume.

126 2305 157 2368 Τ
153 2307 196 2370 H.
223 2306 333 2371 Minas
348 2310 567 2392 quadraginta
582 2309 747 2392 accepisti,
765 2310 851 2392 quod
868 2309 979 2382 sciam,

120 2418 154 2480 A
173 2419 403 2485 Philolachete.
451 2423 505 2487 SI.
534 2422 724 2506 Numquam
741 2443 886 2497 numum,
904 2423 990 2505 quod
1007 2422 1118 2488 sciam.

125 2531 195 2596 TH.
223 2533 337 2616 Quid?
362 2555 381 2598 a
405 2535 572 2599 Tranione
596 2537 714 2599 servo?
761 2534 813 2599 Sl.
844 2535 949 2598 Multo
975 2535 1111 2618 [hercle]
1137 2535 1170 2599 id

250 2646 368 2710 minus.
1137 2661 1171 2701 ²0

124 2757 195 2823 TH.
223 2758 315 2840 Quas
330 2761 480 2825 arraboni
498 2761 556 2824 tibi
572 2761 686 2825 dedit?
734 2761 787 2825 SI.
815 2762 904 2844 Quid
921 2762 1089 2826 somnias?

123 2869 155 2932 Τ
149 2870 194 2935 Η.
220 2872 362 2953 Egone?
407 2875 456 2937 At
472 2874 603 2957 quidem
621 2887 666 2949 tu,
682 2874 735 2957 qui
754 2875 835 2973 istoc
852 2885 884 2937 te
901 2895 1011 2957 speras
1028 2877 1125 2940 modo

121 2982 254 3046 Potesse
270 2984 506 3048 dissimulando
523 2984 679 3049 infectum
698 2987 759 3050 hoc
776 2973 920 3051 reddere.
1093 3032 1100 3044 „

120 3095 173 3160 SI.
199 3095 288 3178 Quid
312 3099 448 3162 autem?
501 3099 570 3163 TH.
599 3098 697 3180 Quod
723 3120 774 3162 me
798 3112 935 3181 apsente
961 3099 1098 3186 [tecum]
1117 3100 1170 3166 hic

250 3209 337 3274 filius

117 3320 240 3403 Negoti
256 3323 370 3404 gessit.
418 3324 473 3388 Sl.
500 3323 632 3389 Mecum
650 3335 686 3388 ut
703 3325 755 3389 ille
771 3326 825 3390 hic
841 3326 990 3409 gesserit,
1136 3336 1169 3393 25

115 3433 206 3497 Dum
224 3446 260 3498 tu
276 3435 353 3500 hinc
370 3438 456 3514 abes,
475 3437 612 3519 negoti?
635 3440 803 3522 quidnam,
820 3451 876 3502 aut
894 3439 1054 3522 quodie?

120 3546 151 3610 T
147 3545 192 3611 H.
219 3546 328 3612 Minas
344 3537 404 3612 tibi
421 3551 589 3633 octoginta
604 3552 733 3632 argenti
750 3553 861 3616 debeo,
