<?xml version="1.0" encoding="UTF-8"?>
<!DOCTYPE html PUBLIC "-//W3C//DTD XHTML 1.0 Transitional//EN"
    "http://www.w3.org/TR/xhtml1/DTD/xhtml1-transitional.dtd">
<html xmlns="http://www.w3.org/1999/xhtml" xml:lang="en" lang="en">
 <head>
  <title>
</title>
<meta http-equiv="Content-Type" content="text/html;charset=utf-8" />
  <meta name='ocr-system' content='tesseract 3.04.00' />
  <meta name='ocr-capabilities' content='ocr_page ocr_carea ocr_par ocr_line ocrx_word'/>
</head>
<body>
  <div class='ocr_page' id='page_1' title='image "./mostellariaplau00morrgoog_0084.png"; bbox 0 0 2810 4062; ppageno 0'>
   <div class='ocr_carea' id='block_1_1' title="bbox 441 290 837 380">
    <p class='ocr_par' dir='ltr' id='par_1_1' title="bbox 441 290 837 380">
     <span class='ocr_line' id='line_1_1' title="bbox 441 290 837 380; baseline -0.01 0"><span class='ocrx_word' id='word_1_1' title='bbox 441 328 558 380; x_wconf 76' lang='lat' dir='ltr'><strong>ucrvs</strong></span> <span class='ocrx_word' id='word_1_2' title='bbox 585 328 618 378; x_wconf 91' lang='lat' dir='ltr'><strong>v.</strong></span> <span class='ocrx_word' id='word_1_3' title='bbox 670 290 788 378; x_wconf 74' lang='lat' dir='ltr'><strong>scurra</strong></span> <span class='ocrx_word' id='word_1_4' title='bbox 814 327 837 377; x_wconf 91' lang='lat'><strong>1.</strong></span> 
     </span>
    </p>
   </div>
   <div class='ocr_carea' id='block_1_2' title="bbox 354 677 919 755">
    <p class='ocr_par' dir='ltr' id='par_1_2' title="bbox 354 677 919 755">
     <span class='ocr_line' id='line_1_2' title="bbox 354 677 919 755; baseline -0.007 0"><span class='ocrx_word' id='word_1_5' title='bbox 354 679 533 755; x_wconf 86' lang='lat' dir='ltr'>ACTVS</span> <span class='ocrx_word' id='word_1_6' title='bbox 571 680 617 754; x_wconf 91' lang='lat' dir='ltr'><strong>V.</strong></span> <span class='ocrx_word' id='word_1_7' title='bbox 670 678 853 754; x_wconf 86' lang='lat' dir='ltr'>SCENA</span> <span class='ocrx_word' id='word_1_8' title='bbox 893 677 919 752; x_wconf 92' lang='grc' dir='ltr'><strong>Ι.</strong></span> 
     </span>
    </p>
   </div>
   <div class='ocr_carea' id='block_1_3' title="bbox 564 877 712 950">
    <p class='ocr_par' dir='ltr' id='par_1_3' title="bbox 564 877 712 950">
     <span class='ocr_line' id='line_1_3' title="bbox 564 877 712 950; baseline 0.007 -1"><span class='ocrx_word' id='word_1_9' title='bbox 564 877 712 950; x_wconf 74' lang='lat' dir='ltr'><strong>Tranio.</strong></span> 
     </span>
    </p>
   </div>
   <div class='ocr_carea' id='block_1_4' title="bbox 110 1065 1202 3528">
    <p class='ocr_par' dir='ltr' id='par_1_4' title="bbox 115 1065 1117 1173">
     <span class='ocr_line' id='line_1_4' title="bbox 115 1065 1117 1173; baseline -0.005 -21"><span class='ocrx_word' id='word_1_10' title='bbox 115 1065 179 1173; x_wconf 85' lang='lat' dir='ltr'><strong>Qui</strong></span> <span class='ocrx_word' id='word_1_11' title='bbox 196 1091 296 1152; x_wconf 92' lang='lat' dir='ltr'><strong>homo</strong></span> <span class='ocrx_word' id='word_1_12' title='bbox 311 1088 444 1153; x_wconf 88' lang='lat' dir='ltr'><strong>timidus</strong></span> <span class='ocrx_word' id='word_1_13' title='bbox 460 1087 522 1152; x_wconf 89' lang='lat' dir='ltr'><strong>erit</strong></span> <span class='ocrx_word' id='word_1_14' title='bbox 539 1087 570 1150; x_wconf 93' lang='lat' dir='ltr'><strong>in</strong></span> <span class='ocrx_word' id='word_1_15' title='bbox 589 1088 687 1150; x_wconf 86' lang='lat' dir='ltr'><strong>rebus</strong></span> <span class='ocrx_word' id='word_1_16' title='bbox 703 1086 821 1162; x_wconf 90' lang='lat' dir='ltr'><strong>dubiis,</strong></span> <span class='ocrx_word' id='word_1_17' title='bbox 838 1085 934 1149; x_wconf 90' lang='lat' dir='ltr'><strong>nauci</strong></span> <span class='ocrx_word' id='word_1_18' title='bbox 951 1105 1015 1148; x_wconf 92' lang='lat' dir='ltr'><strong>non</strong></span> <span class='ocrx_word' id='word_1_19' title='bbox 1034 1085 1117 1163; x_wconf 81' lang='lat' dir='ltr'><strong>erit3</strong></span> 
     </span>
    </p>

    <p class='ocr_par' dir='ltr' id='par_1_5' title="bbox 113 1197 1160 1378">
     <span class='ocr_line' id='line_1_5' title="bbox 113 1197 1160 1286; baseline -0.007 -21"><span class='ocrx_word' id='word_1_20' title='bbox 113 1204 224 1285; x_wconf 88' lang='lat' dir='ltr'><strong>Atque</strong></span> <span class='ocrx_word' id='word_1_21' title='bbox 262 1201 428 1285; x_wconf 49' lang='lat' dir='ltr'><strong>equidem*</strong></span> <span class='ocrx_word' id='word_1_22' title='bbox 455 1201 535 1286; x_wconf 91' lang='lat' dir='ltr'><strong>quid</strong></span> <span class='ocrx_word' id='word_1_23' title='bbox 569 1201 601 1262; x_wconf 94' lang='lat' dir='ltr'><strong>id</strong></span> <span class='ocrx_word' id='word_1_24' title='bbox 632 1219 706 1264; x_wconf 86' lang='lat' dir='ltr'><strong>esse</strong></span> <span class='ocrx_word' id='word_1_25' title='bbox 736 1199 843 1262; x_wconf 89' lang='lat' dir='ltr'><strong>dicam</strong></span> <span class='ocrx_word' id='word_1_26' title='bbox 875 1199 1022 1272; x_wconf 87' lang='lat' dir='ltr'><strong>verbum,</strong></span> <span class='ocrx_word' id='word_1_27' title='bbox 1055 1197 1160 1272; x_wconf 87' lang='lat' dir='ltr'><strong>nauci,</strong></span> 
     </span>
     <span class='ocr_line' id='line_1_6' title="bbox 241 1314 361 1378; baseline 0.008 -1"><span class='ocrx_word' id='word_1_28' title='bbox 241 1314 361 1378; x_wconf 91' lang='lat' dir='ltr'><strong>nescio.</strong></span> 
     </span>
    </p>

    <p class='ocr_par' dir='ltr' id='par_1_6' title="bbox 112 1424 1160 1604">
     <span class='ocr_line' id='line_1_7' title="bbox 112 1424 1160 1509; baseline -0.004 -18"><span class='ocrx_word' id='word_1_29' title='bbox 112 1428 198 1491; x_wconf 91' lang='lat' dir='ltr'><strong>Nam</strong></span> <span class='ocrx_word' id='word_1_30' title='bbox 222 1429 319 1491; x_wconf 89' lang='lat' dir='ltr'><strong>herus</strong></span> <span class='ocrx_word' id='word_1_31' title='bbox 343 1447 395 1491; x_wconf 92' lang='lat' dir='ltr'><strong>me</strong></span> <span class='ocrx_word' id='word_1_32' title='bbox 418 1439 594 1509; x_wconf 89' lang='lat' dir='ltr'>postquam</span> <span class='ocrx_word' id='word_1_33' title='bbox 618 1446 673 1488; x_wconf 90' lang='lat' dir='ltr'><strong>rus</strong></span> <span class='ocrx_word' id='word_1_34' title='bbox 697 1424 794 1498; x_wconf 84' lang='lat' dir='ltr'><strong>misit,</strong></span> <span class='ocrx_word' id='word_1_35' title='bbox 812 1424 971 1488; x_wconf 90' lang='lat' dir='ltr'><strong>ut-filium</strong></span> <span class='ocrx_word' id='word_1_36' title='bbox 995 1445 1091 1488; x_wconf 90' lang='lat' dir='ltr'><strong>suum</strong></span> <span class='ocrx_word' id='word_1_37' title='bbox 1108 1444 1160 1488; x_wconf 90' lang='lat' dir='ltr'><strong>ac-</strong></span> 
     </span>
     <span class='ocr_line' id='line_1_8' title="bbox 242 1521 851 1604; baseline 0 0"><span class='ocrx_word' id='word_1_38' title='bbox 242 1561 423 1604; x_wconf 87' lang='lat' dir='ltr'><strong>cerserem:</strong></span> <span class='ocrx_word' id='word_1_39' title='bbox 590 1521 593 1532; x_wconf 47' lang='lat'>⁵</span> <span class='ocrx_word' id='word_1_40' title='bbox 849 1549 851 1554; x_wconf 88' lang='lat'>&#39;</span> 
     </span>
    </p>

    <p class='ocr_par' dir='ltr' id='par_1_7' title="bbox 110 1650 1144 1735">
     <span class='ocr_line' id='line_1_9' title="bbox 110 1650 1144 1735; baseline 0 -19"><span class='ocrx_word' id='word_1_41' title='bbox 110 1654 191 1717; x_wconf 91' lang='lat' dir='ltr'><strong>Abii</strong></span> <span class='ocrx_word' id='word_1_42' title='bbox 207 1654 262 1716; x_wconf 94' lang='lat' dir='ltr'><strong>illa</strong></span> <span class='ocrx_word' id='word_1_43' title='bbox 276 1674 335 1735; x_wconf 91' lang='lat' dir='ltr'><strong>per</strong></span> <span class='ocrx_word' id='word_1_44' title='bbox 351 1652 560 1735; x_wconf 85' lang='lat' dir='ltr'>angiportum</span> <span class='ocrx_word' id='word_1_45' title='bbox 577 1652 617 1714; x_wconf 88' lang='lat' dir='ltr'><strong>ad</strong></span> <span class='ocrx_word' id='word_1_46' title='bbox 635 1651 765 1714; x_wconf 89' lang='lat' dir='ltr'><strong>hortum</strong></span> <span class='ocrx_word' id='word_1_47' title='bbox 783 1661 933 1714; x_wconf 89' lang='lat' dir='ltr'><strong>nostrum</strong></span> <span class='ocrx_word' id='word_1_48' title='bbox 950 1650 1144 1716; x_wconf 88' lang='lat' dir='ltr'><strong>clanculum.</strong></span> 
     </span>
    </p>

    <p class='ocr_par' dir='ltr' id='par_1_8' title="bbox 110 1762 1160 1850">
     <span class='ocr_line' id='line_1_10' title="bbox 110 1762 1160 1850; baseline 0.002 -21"><span class='ocrx_word' id='word_1_49' title='bbox 110 1763 241 1830; x_wconf 91' lang='lat' dir='ltr'><strong>Ostium</strong></span> <span class='ocrx_word' id='word_1_50' title='bbox 259 1767 347 1850; x_wconf 92' lang='lat' dir='ltr'><strong>quod</strong></span> <span class='ocrx_word' id='word_1_51' title='bbox 363 1767 396 1828; x_wconf 92' lang='lat' dir='ltr'><strong>in</strong></span> <span class='ocrx_word' id='word_1_52' title='bbox 413 1765 589 1846; x_wconf 84' lang='lat' dir='ltr'><strong>angiportu</strong></span> <span class='ocrx_word' id='word_1_53' title='bbox 605 1776 656 1827; x_wconf 90' lang='lat' dir='ltr'><strong>est</strong></span> <span class='ocrx_word' id='word_1_54' title='bbox 673 1764 759 1827; x_wconf 89' lang='lat' dir='ltr'><strong>horti</strong></span> <span class='ocrx_word' id='word_1_55' title='bbox 774 1762 912 1846; x_wconf 83' lang='lat' dir='ltr'><strong>patefeci</strong></span> <span class='ocrx_word' id='word_1_56' title='bbox 929 1763 1037 1842; x_wconf 85' lang='lat' dir='ltr'><strong>fores;</strong></span> <span class='ocrx_word' id='word_1_57' title='bbox 1146 1777 1160 1831; x_wconf 86' lang='grc'><em>5</em></span> 
     </span>
    </p>

    <p class='ocr_par' dir='ltr' id='par_1_9' title="bbox 110 1878 1053 1962">
     <span class='ocr_line' id='line_1_11' title="bbox 110 1878 1053 1962; baseline 0.002 -20"><span class='ocrx_word' id='word_1_58' title='bbox 110 1880 225 1962; x_wconf 88' lang='lat' dir='ltr'><strong>anue</strong></span> <span class='ocrx_word' id='word_1_59' title='bbox 243 1879 339 1942; x_wconf 86' lang='lat' dir='ltr'><strong>eduxi</strong></span> <span class='ocrx_word' id='word_1_60' title='bbox 355 1899 485 1942; x_wconf 92' lang='lat' dir='ltr'><strong>omnem</strong></span> <span class='ocrx_word' id='word_1_61' title='bbox 503 1878 675 1960; x_wconf 87' lang='lat' dir='ltr'><strong>legionem,</strong></span> <span class='ocrx_word' id='word_1_62' title='bbox 692 1890 724 1942; x_wconf 95' lang='lat' dir='ltr'><strong>et</strong></span> <span class='ocrx_word' id='word_1_63' title='bbox 742 1878 840 1942; x_wconf 90' lang='lat' dir='ltr'><strong>maris</strong></span> <span class='ocrx_word' id='word_1_64' title='bbox 856 1891 889 1942; x_wconf 90' lang='lat' dir='ltr'><strong>et</strong></span> <span class='ocrx_word' id='word_1_65' title='bbox 905 1878 1053 1944; x_wconf 78' lang='lat' dir='ltr'><strong>seminas.</strong></span> 
     </span>
    </p>

    <p class='ocr_par' dir='ltr' id='par_1_10' title="bbox 110 1984 1202 2075">
     <span class='ocr_line' id='line_1_12' title="bbox 110 1984 1202 2075; baseline 0.001 -20"><span class='ocrx_word' id='word_1_66' title='bbox 110 1992 287 2075; x_wconf 90' lang='lat' dir='ltr'><strong>Postquam</strong></span> <span class='ocrx_word' id='word_1_67' title='bbox 304 2013 344 2055; x_wconf 87' lang='lat' dir='ltr'><strong>ex</strong></span> <span class='ocrx_word' id='word_1_68' title='bbox 356 1992 527 2074; x_wconf 87' lang='lat' dir='ltr'><strong>opsidione</strong></span> <span class='ocrx_word' id='word_1_69' title='bbox 543 1984 577 2054; x_wconf 91' lang='lat' dir='ltr'><strong>in</strong></span> <span class='ocrx_word' id='word_1_70' title='bbox 593 2004 702 2055; x_wconf 91' lang='lat' dir='ltr'><strong>tutum</strong></span> <span class='ocrx_word' id='word_1_71' title='bbox 719 1992 815 2055; x_wconf 81' lang='lat' dir='ltr'><strong>eduxi</strong></span> <span class='ocrx_word' id='word_1_72' title='bbox 829 1994 1036 2075; x_wconf 83' lang='lat' dir='ltr'><strong>manuplares</strong></span> <span class='ocrx_word' id='word_1_73' title='bbox 1050 2015 1161 2057; x_wconf 91' lang='lat' dir='ltr'><strong>meos:</strong></span> <span class='ocrx_word' id='word_1_74' title='bbox 1201 2003 1202 2006; x_wconf 76' lang='grc'>’</span> 
     </span>
    </p>

    <p class='ocr_par' dir='ltr' id='par_1_11' title="bbox 111 2104 1095 2187">
     <span class='ocr_line' id='line_1_13' title="bbox 111 2104 1095 2187; baseline 0 -18"><span class='ocrx_word' id='word_1_75' title='bbox 111 2105 213 2186; x_wconf 89' lang='lat' dir='ltr'><strong>Capio</strong></span> <span class='ocrx_word' id='word_1_76' title='bbox 229 2104 411 2179; x_wconf 90' lang='lat' dir='ltr'><strong>consilium,</strong></span> <span class='ocrx_word' id='word_1_77' title='bbox 428 2116 630 2168; x_wconf 90' lang='lat' dir='ltr'><strong>utsenatum</strong></span> <span class='ocrx_word' id='word_1_78' title='bbox 649 2126 888 2187; x_wconf 87' lang='lat' dir='ltr'><strong>congerronum</strong></span> <span class='ocrx_word' id='word_1_79' title='bbox 904 2127 1080 2171; x_wconf 89' lang='lat' dir='ltr'><strong>convocem</strong></span> <span class='ocrx_word' id='word_1_80' title='bbox 1087 2127 1095 2182; x_wconf 88' lang='lat'>;</span> 
     </span>
    </p>

    <p class='ocr_par' dir='ltr' id='par_1_12' title="bbox 113 2218 1162 2412">
     <span class='ocr_line' id='line_1_14' title="bbox 113 2218 1162 2302; baseline 0.004 -22"><span class='ocrx_word' id='word_1_81' title='bbox 113 2218 222 2300; x_wconf 82' lang='lat' dir='ltr'><strong>Quem</strong></span> <span class='ocrx_word' id='word_1_82' title='bbox 249 2237 348 2302; x_wconf 91' lang='lat' dir='ltr'><strong>quom</strong></span> <span class='ocrx_word' id='word_1_83' title='bbox 374 2219 560 2293; x_wconf 87' lang='lat' dir='ltr'><strong>convocavi,</strong></span> <span class='ocrx_word' id='word_1_84' title='bbox 577 2229 675 2301; x_wconf 88' lang='lat' dir='ltr'><strong>atque</strong></span> <span class='ocrx_word' id='word_1_85' title='bbox 701 2219 745 2280; x_wconf 92' lang='lat' dir='ltr'><strong>illi</strong></span> <span class='ocrx_word' id='word_1_86' title='bbox 774 2239 827 2282; x_wconf 87' lang='lat' dir='ltr'><strong>me</strong></span> <span class='ocrx_word' id='word_1_87' title='bbox 850 2239 890 2282; x_wconf 89' lang='lat' dir='ltr'><strong>ex</strong></span> <span class='ocrx_word' id='word_1_88' title='bbox 914 2230 1030 2282; x_wconf 92' lang='lat' dir='ltr'><strong>senatu</strong></span> <span class='ocrx_word' id='word_1_89' title='bbox 1054 2239 1162 2302; x_wconf 87' lang='lat' dir='ltr'><strong>segre-</strong></span> 
     </span>
     <span class='ocr_line' id='line_1_15' title="bbox 242 2319 594 2412; baseline 0.003 -20"><span class='ocrx_word' id='word_1_90' title='bbox 242 2341 332 2412; x_wconf 87' lang='lat' dir='ltr'><strong>gant.</strong></span> <span class='ocrx_word' id='word_1_91' title='bbox 570 2319 594 2336; x_wconf 82' lang='grc'><strong>“”</strong></span> 
     </span>
    </p>

    <p class='ocr_par' dir='ltr' id='par_1_13' title="bbox 111 2427 1162 2631">
     <span class='ocr_line' id='line_1_16' title="bbox 111 2427 1162 2528; baseline 0.001 -21"><span class='ocrx_word' id='word_1_92' title='bbox 111 2442 179 2507; x_wconf 92' lang='lat' dir='ltr'><strong>Vbi</strong></span> <span class='ocrx_word' id='word_1_93' title='bbox 202 2455 333 2524; x_wconf 88' lang='lat' dir='ltr'><strong>egomet</strong></span> <span class='ocrx_word' id='word_1_94' title='bbox 356 2444 451 2507; x_wconf 91' lang='lat' dir='ltr'><strong>video</strong></span> <span class='ocrx_word' id='word_1_95' title='bbox 468 2443 551 2506; x_wconf 92' lang='lat' dir='ltr'><strong>vorti</strong></span> <span class='ocrx_word' id='word_1_96' title='bbox 567 2427 643 2506; x_wconf 39' lang='lat' dir='ltr'><strong>&#39;rem</strong></span> <span class='ocrx_word' id='word_1_97' title='bbox 668 2443 700 2506; x_wconf 95' lang='lat' dir='ltr'><strong>in</strong></span> <span class='ocrx_word' id='word_1_98' title='bbox 726 2465 799 2508; x_wconf 89' lang='lat' dir='ltr'><strong>meo</strong></span> <span class='ocrx_word' id='word_1_99' title='bbox 823 2443 900 2518; x_wconf 85' lang='lat' dir='ltr'><strong>foro,</strong></span> <span class='ocrx_word' id='word_1_100' title='bbox 924 2456 1082 2528; x_wconf 92' lang='lat' dir='ltr'><strong>quantum</strong></span> <span class='ocrx_word' id='word_1_101' title='bbox 1107 2466 1162 2526; x_wconf 92' lang='lat' dir='ltr'><strong>po-</strong></span> 
     </span>
     <span class='ocr_line' id='line_1_17' title="bbox 242 2559 1161 2631; baseline -0.009 -13"><span class='ocrx_word' id='word_1_102' title='bbox 242 2565 317 2631; x_wconf 83' lang='lat' dir='ltr'><strong>test,</strong></span> <span class='ocrx_word' id='word_1_103' title='bbox 907 2559 908 2564; x_wconf 76' lang='grc'>’</span> <span class='ocrx_word' id='word_1_104' title='bbox 1131 2571 1161 2610; x_wconf 84' lang='grc' dir='ltr'><strong>ιο</strong></span> 
     </span>
    </p>

    <p class='ocr_par' dir='ltr' id='par_1_14' title="bbox 111 2668 1162 2845">
     <span class='ocr_line' id='line_1_18' title="bbox 111 2668 1162 2752; baseline 0.002 -20"><span class='ocrx_word' id='word_1_105' title='bbox 111 2669 213 2732; x_wconf 83' lang='lat' dir='ltr'><strong>Facio</strong></span> <span class='ocrx_word' id='word_1_106' title='bbox 228 2668 325 2741; x_wconf 90' lang='lat' dir='ltr'><strong>idem,</strong></span> <span class='ocrx_word' id='word_1_107' title='bbox 342 2668 428 2752; x_wconf 92' lang='lat' dir='ltr'><strong>quod</strong></span> <span class='ocrx_word' id='word_1_108' title='bbox 446 2669 588 2751; x_wconf 90' lang='lat' dir='ltr'><strong>plurumi</strong></span> <span class='ocrx_word' id='word_1_109' title='bbox 605 2669 667 2745; x_wconf 92' lang='lat' dir='ltr'><strong>alii,</strong></span> <span class='ocrx_word' id='word_1_110' title='bbox 684 2669 803 2752; x_wconf 89' lang='lat' dir='ltr'><strong>quibus</strong></span> <span class='ocrx_word' id='word_1_111' title='bbox 821 2689 873 2734; x_wconf 86' lang='lat' dir='ltr'><strong>res</strong></span> <span class='ocrx_word' id='word_1_112' title='bbox 891 2669 1006 2734; x_wconf 90' lang='lat' dir='ltr'><strong>timida</strong></span> <span class='ocrx_word' id='word_1_113' title='bbox 1021 2682 1079 2734; x_wconf 90' lang='lat' dir='ltr'><strong>aut</strong></span> <span class='ocrx_word' id='word_1_114' title='bbox 1095 2684 1162 2734; x_wconf 92' lang='lat' dir='ltr'><strong>tur-</strong></span> 
     </span>
     <span class='ocr_line' id='line_1_19' title="bbox 243 2781 408 2845; baseline 0 -1"><span class='ocrx_word' id='word_1_115' title='bbox 243 2781 322 2844; x_wconf 91' lang='lat' dir='ltr'><strong>bida</strong></span> <span class='ocrx_word' id='word_1_116' title='bbox 336 2795 408 2845; x_wconf 91' lang='lat' dir='ltr'><strong>est:</strong></span> 
     </span>
    </p>

    <p class='ocr_par' dir='ltr' id='par_1_15' title="bbox 110 2892 1119 2978">
     <span class='ocr_line' id='line_1_20' title="bbox 110 2892 1119 2978; baseline 0.003 -22"><span class='ocrx_word' id='word_1_117' title='bbox 110 2895 259 2976; x_wconf 86' lang='lat' dir='ltr'><strong>Pergunt</strong></span> <span class='ocrx_word' id='word_1_118' title='bbox 274 2895 406 2957; x_wconf 88' lang='lat' dir='ltr'><strong>turbare</strong></span> <span class='ocrx_word' id='word_1_119' title='bbox 423 2915 536 2978; x_wconf 88' lang='lat' dir='ltr'><strong>usque,</strong></span> <span class='ocrx_word' id='word_1_120' title='bbox 553 2905 589 2957; x_wconf 94' lang='lat' dir='ltr'><strong>ut</strong></span> <span class='ocrx_word' id='word_1_121' title='bbox 606 2915 647 2958; x_wconf 91' lang='lat' dir='ltr'><strong>ne</strong></span> <span class='ocrx_word' id='word_1_122' title='bbox 664 2892 742 2978; x_wconf 91' lang='lat' dir='ltr'><strong>quid</strong></span> <span class='ocrx_word' id='word_1_123' title='bbox 760 2894 862 2976; x_wconf 87' lang='lat' dir='ltr'><strong>possit</strong></span> <span class='ocrx_word' id='word_1_124' title='bbox 878 2897 1119 2978; x_wconf 87' lang='lat' dir='ltr'><strong>conquiescere.</strong></span> 
     </span>
    </p>

    <p class='ocr_par' dir='ltr' id='par_1_16' title="bbox 112 2999 1161 3184">
     <span class='ocr_line' id='line_1_21' title="bbox 112 2999 1161 3091; baseline 0.003 -23"><span class='ocrx_word' id='word_1_125' title='bbox 112 3007 198 3070; x_wconf 92' lang='lat' dir='ltr'><strong>Nam</strong></span> <span class='ocrx_word' id='word_1_126' title='bbox 230 3007 297 3071; x_wconf 89' lang='lat' dir='ltr'><strong>scio</strong></span> <span class='ocrx_word' id='word_1_127' title='bbox 328 3009 488 3091; x_wconf 88' lang='lat' dir='ltr'><strong>equidem,</strong></span> <span class='ocrx_word' id='word_1_128' title='bbox 516 2999 605 3070; x_wconf 93' lang='lat' dir='ltr'><strong>nullo</strong></span> <span class='ocrx_word' id='word_1_129' title='bbox 635 3018 732 3089; x_wconf 90' lang='lat' dir='ltr'><strong>pacto</strong></span> <span class='ocrx_word' id='word_1_130' title='bbox 755 3007 827 3070; x_wconf 71' lang='lat' dir='ltr'><strong>&#39;iam</strong></span> <span class='ocrx_word' id='word_1_131' title='bbox 859 3029 930 3071; x_wconf 90' lang='lat' dir='ltr'><strong>esse</strong></span> <span class='ocrx_word' id='word_1_132' title='bbox 955 3030 1053 3090; x_wconf 91' lang='lat' dir='ltr'><strong>posse</strong></span> <span class='ocrx_word' id='word_1_133' title='bbox 1077 3009 1161 3072; x_wconf 88' lang='lat' dir='ltr'><strong>clam</strong></span> 
     </span>
     <span class='ocr_line' id='line_1_22' title="bbox 242 3141 363 3184; baseline 0 0"><span class='ocrx_word' id='word_1_134' title='bbox 242 3141 363 3184; x_wconf 88' lang='lat' dir='ltr'><strong>senem.</strong></span> 
     </span>
    </p>

    <p class='ocr_par' dir='ltr' id='par_1_17' title="bbox 110 3232 1162 3317">
     <span class='ocr_line' id='line_1_23' title="bbox 110 3232 1162 3317; baseline 0.003 -22"><span class='ocrx_word' id='word_1_135' title='bbox 110 3232 179 3295; x_wconf 90' lang='lat' dir='ltr'><strong>Sed</strong></span> <span class='ocrx_word' id='word_1_136' title='bbox 196 3232 273 3315; x_wconf 93' lang='lat' dir='ltr'><strong>quid</strong></span> <span class='ocrx_word' id='word_1_137' title='bbox 290 3234 352 3297; x_wconf 92' lang='lat' dir='ltr'><strong>hoc</strong></span> <span class='ocrx_word' id='word_1_138' title='bbox 368 3244 427 3309; x_wconf 89' lang='lat' dir='ltr'><strong>est,</strong></span> <span class='ocrx_word' id='word_1_139' title='bbox 444 3234 531 3317; x_wconf 94' lang='lat' dir='ltr'><strong>quod</strong></span> <span class='ocrx_word' id='word_1_140' title='bbox 548 3232 624 3296; x_wconf 89' lang='lat' dir='ltr'><strong>soris</strong></span> <span class='ocrx_word' id='word_1_141' title='bbox 639 3232 830 3314; x_wconf 89' lang='lat' dir='ltr'><strong>concrepuit</strong></span> <span class='ocrx_word' id='word_1_142' title='bbox 846 3253 1006 3316; x_wconf 87' lang='lat' dir='ltr'><strong>proxuma</strong></span> <span class='ocrx_word' id='word_1_143' title='bbox 1020 3235 1162 3298; x_wconf 88' lang='lat' dir='ltr'><strong>vicinia?</strong></span> 
     </span>
    </p>

    <p class='ocr_par' dir='ltr' id='par_1_18' title="bbox 112 3344 1161 3528">
     <span class='ocr_line' id='line_1_24' title="bbox 112 3344 1161 3430; baseline 0.002 -22"><span class='ocrx_word' id='word_1_144' title='bbox 112 3344 225 3409; x_wconf 90' lang='lat' dir='ltr'><strong>Herus</strong></span> <span class='ocrx_word' id='word_1_145' title='bbox 241 3365 335 3410; x_wconf 86' lang='lat' dir='ltr'><strong>meus</strong></span> <span class='ocrx_word' id='word_1_146' title='bbox 351 3344 405 3410; x_wconf 89' lang='lat' dir='ltr'><strong>hic</strong></span> <span class='ocrx_word' id='word_1_147' title='bbox 421 3346 552 3430; x_wconf 91' lang='lat' dir='ltr'><strong>quidem</strong></span> <span class='ocrx_word' id='word_1_148' title='bbox 569 3356 628 3410; x_wconf 92' lang='lat' dir='ltr'><strong>est.</strong></span> <span class='ocrx_word' id='word_1_149' title='bbox 668 3346 811 3410; x_wconf 82' lang='lat' dir='ltr'><strong>Gustare</strong></span> <span class='ocrx_word' id='word_1_150' title='bbox 821 3366 884 3429; x_wconf 87' lang='lat' dir='ltr'><strong>ego</strong></span> <span class='ocrx_word' id='word_1_151' title='bbox 896 3347 966 3410; x_wconf 89' lang='lat' dir='ltr'><strong>eius</strong></span> <span class='ocrx_word' id='word_1_152' title='bbox 976 3368 1161 3411; x_wconf 89' lang='lat' dir='ltr'><strong>sermonem</strong></span> 
     </span>
     <span class='ocr_line' id='line_1_25' title="bbox 241 3457 1161 3528; baseline 0.007 -6"><span class='ocrx_word' id='word_1_153' title='bbox 241 3457 323 3523; x_wconf 87' lang='lat' dir='ltr'><strong>volo</strong></span> <span class='ocrx_word' id='word_1_154' title='bbox 1039 3479 1043 3486; x_wconf 92' lang='grc'><strong>’</strong></span> <span class='ocrx_word' id='word_1_155' title='bbox 1131 3470 1161 3528; x_wconf 82' lang='lat'><strong>15</strong></span> 
     </span>
    </p>
   </div>
   <div class='ocr_carea' id='block_1_5' title="bbox 1096 3576 1192 3679">
    <p class='ocr_par' dir='ltr' id='par_1_19' title="bbox 1096 3576 1192 3679">
     <span class='ocr_line' id='line_1_26' title="bbox 1096 3576 1192 3679; baseline 0 -57"><span class='ocrx_word' id='word_1_156' title='bbox 1096 3576 1192 3679; x_wconf 39' lang='lat' dir='ltr'><strong>-m‘lxs</strong></span> 
     </span>
    </p>
   </div>
   <div class='ocr_carea' id='block_1_6' title="bbox 0 0 1410 4062">
    <p class='ocr_par' dir='ltr' id='par_1_20' title="bbox 0 0 1410 4062">
     <span class='ocr_line' id='line_1_27' title="bbox 0 0 1410 4062; baseline 0 1"><span class='ocrx_word' id='word_1_157' title='bbox 0 0 1410 4062; x_wconf 95' lang='lat' dir='ltr'><strong> </strong></span> 
     </span>
    </p>
   </div>
  </div>
 </body>
</html>
