2810 4062
468 277 586 329 ACTVS
612 277 649 330 11.
701 277 822 329 SCENA
848 277 871 328 1.
1139 277 1195 347 ι23

146 455 248 523 Satin'
266 456 379 534 habes,
392 456 420 520 si
435 476 498 538 ego
513 455 743 520 advenientem
756 456 802 519 ita
817 467 943 539 patrem
960 452 1077 519 faciam
1093 465 1195 529 tuum,

147 571 226 636 Non
252 571 351 634 modo
368 591 409 633 ne
425 571 511 633 intro
526 581 590 647 eat,
606 589 720 632 verum
744 569 843 632 etiam
861 578 898 632 ut
914 566 1018 650 fugiat
1041 568 1140 650 longe
1155 567 1197 631 ab

275 683 433 746 aedibus?
512 713 513 718 κ

144 796 217 881 Vos
246 795 344 859 modo
374 793 452 858 hinc
482 794 571 858 abite
601 793 688 858 intro
719 804 818 878 atque
849 793 931 858 haec
957 793 1035 858 hinc
1058 813 1197 876 propere

225 908 228 912 ’
276 907 465 971 amolimini.

59 1101 61 1105 Ι
145 1021 337 1085 PHILOL.
368 1020 443 1100 Vbi⁸
458 1039 521 1102 ego
543 1018 622 1082 ero?
673 1017 741 1082 TR.
772 1018 839 1114 Vbi
862 1039 1013 1082 maxume
1036 1039 1107 1082 esse
1130 1016 1198 1079 vis:

276 1154 351 1196 cum
367 1133 438 1208 hac,
454 1153 527 1195 cum
545 1131 628 1195 istac
642 1131 713 1195 eris.
1164 1141 1197 1196 45

145 1247 220 1312 DE.
247 1246 336 1330 Quid
362 1256 413 1308 est
441 1244 566 1327 igitur?
597 1245 754 1308 abeamus
783 1245 859 1308 hinc
887 1245 973 1308 nos?
1028 1243 1095 1308 TR.
1121 1243 1198 1307 Non

276 1360 338 1422 hoc
353 1358 461 1440 longe,
481 1357 670 1439 Delphium.
920 1358 931 1368 ''

148 1471 235 1536 Nam
254 1470 343 1534 intus
358 1482 469 1553 potate
485 1471 572 1533 haud
593 1470 721 1533 tantillo
738 1469 799 1533 hac
815 1469 945 1553 quidem
963 1489 1062 1532 causa
1078 1469 1196 1534 minus

145 1583 337 1649 PHILOL.
363 1583 404 1647 Ei
420 1583 509 1658 mihi,
526 1603 634 1665 quarn,
651 1583 753 1646 istaec
769 1583 889 1647 blanda
905 1582 993 1646 dicta
1008 1603 1073 1666 quo
1089 1582 1197 1646 eveni-

277 1708 347 1776 ant,
363 1698 479 1759 madeo
495 1697 606 1760 metu!
875 1693 876 1698 ’

152 1810 182 1873 T
179 1811 219 1873 R.
252 1807 366 1883 Potin'‚
383 1809 492 1872 animo
509 1819 545 1872 ut
561 1808 626 1872 sies
649 1808 762 1890 quieto
776 1821 818 1886 et
840 1806 946 1885 facias,
968 1810 1056 1893 quod
1079 1807 1201 1873 iubeo?
1234 1785 1237 1800 λ

277 1921 469 1986 PHILOL.
495 1922 614 1985 Potest.

153 2035 183 2098 T
179 2037 221 2100 R.
249 2035 407 2099 Omnium
425 2034 565 2117 primum
583 2032 823 2110 Philematium,
837 2033 924 2098 intro
940 2033 1002 2109 abi,
1016 2042 1049 2096 et
1062 2045 1108 2107 tu,
1126 2033 1201 2096 Del·

278 2148 401 2230 phium.
1167 2157 1202 2212 5⁰

147 2261 224 2326 DE.
251 2261 435 2342 Morigerae
463 2260 522 2324 tibi
549 2259 669 2323 erimus
700 2259 823 2323 ambae.
876 2259 943 2323 TR.
969 2259 1022 2323 Ita
1045 2259 1099 2323 ilie
1122 2256 1201 2324 faxit

281 2369 448 2456 Iuppiter!

149 2486 310 2550 Animum
329 2487 464 2550 advorte
480 2506 568 2550 nunc
584 2496 619 2549 tu
637 2486 710 2560 iam,
728 2505 812 2568 quae
827 2485 901 2548 volo
917 2484 1108 2550 accurarier.

149 2600 309 2665 Omnium
325 2599 545 2682 primumdum
563 2599 661 2662 aedes
679 2599 742 2661 iam
760 2595 829 2661 face
845 2598 997 2661 occlusae
1014 2598 1109 2662 sient.

151 2713 245 2777 Intus
269 2733 348 2776 cave
371 2712 505 2776 muttire
528 2731 727 2795 quemquam
748 2710 871 2774 siveris.
917 2710 1109 2775 PHILOL.
1135 2709 1202 2775 Cu-

280 2825 412 2889 rabitur.

155 2934 188 3000 T
182 2938 224 3002 R.
250 2937 432 3021 Tamquam
454 2938 481 3002 si
505 2937 593 3001 intus
617 2947 715 3001 natus
739 2957 836 3000 nemo
852 2936 885 2998 in
902 2935 1038 3000 aedibus
1062 2935 1196 3000 habitet.

280 3051 474 3116 PHILOL.
500 3050 603 3115 Licet.
1167 3059 1199 3116 55

156 3163 187 3228 T
182 3166 224 3228 R.
249 3164 324 3228 Neu
341 3164 510 3248 quisquam
531 3175 710 3246 responset,
728 3162 859 3245 quando
876 3162 972 3225 hasce
989 3162 1079 3226 aedis
1095 3160 1202 3245 pulta·

282 3278 330 3342 bit
346 3297 454 3341 senex.

151 3389 342 3456 PHILOL.
368 3389 539 3472 Numquid
563 3387 676 3452 aliud?
728 3387 795 3453 TR.
830 3387 963 3452 Clavem
988 3387 1032 3450 mi
1056 3387 1202 3450 harunce

282 3504 411 3568 aedium
430 3503 629 3567 Laconicam
