2810 4062
460 284 578 334 Achs
605 275 656 336 1112
707 285 828 336 scium
852 287 876 346 1.
1167 287 1213 360 33

166 461 197 523 T
193 462 235 524 R.
261 461 358 526 Pater
373 481 488 524 eccum
503 461 637 526 advenit
653 481 789 544 peregre
805 483 871 526 non
889 461 992 530 multo
1008 464 1098 547 prius
1186 474 1189 478 ’

163 573 253 635 Illius
268 593 276 650 ;
299 573 327 635 is
343 572 403 636 tibi
419 584 452 636 et
468 571 583 636 faenus
598 585 631 637 et
647 584 768 637 sortem
786 575 899 638 dabit:
957 588 959 591 ·

163 685 215 746 Ne
233 684 445 748 inconciliare
460 684 538 767 quid
555 705 614 747 nos
631 705 727 766 porro
742 687 899 768 postules,
1065 757 1067 760 ,
1178 685 1214 739 80

160 774 253 872 Vide,
270 818 349 859 num
366 811 520 861 moratur.
565 797 642 860 DA.
663 794 760 878 'Quin
777 794 891 874 feram,
907 797 935 862 si
950 799 1030 882 quid
1041 787 1150 865 datur.

146 909 235 999 „TH.
269 908 359 991 Quid
389 908 531 972 ais'tu?
583 909 652 971 ΤΚ.
688 909 779 992 Quid
802 910 876 973 vis?
927 911 999 976 TH.
1030 912 1116 996 Quis
1147 912 1213 976 illic

289 1021 366 1084 est?
389 1023 468 1104 quid
485 1020 551 1084 illic
566 1021 675 1104 petit?

159 1131 249 1214 Quid
266 1132 521 1196 Philolachetem
539 1145 676 1214 gnatum
693 1135 870 1214 compellat
887 1133 1025 1218 [meum]
1140 1201 1142 1205 ,

146 1244 224 1319 -Sic,
240 1256 273 1308 et
288 1246 453 1326 praesenti
470 1245 530 1308 tibi
546 1243 623 1308 lacit
639 1246 849 1309 convicium?

158 1356 247 1438 Quid
264 1356 309 1418 illi
326 1357 488 1420 debetur?
539 1357 570 1420 Τ
567 1359 608 1420 Κ.
634 1357 783 1439 Opsecro
801 1358 909 1422 hercle
925 1358 1002 1422 iube
1177 1358 1211 1426 85

158 1469 255 1533 Obici
271 1480 444 1550 argentum
461 1471 504 1533 ob
520 1491 556 1532 os
573 1470 720 1550 impurae
738 1470 859 1534 beluae.
959 1535 960 1538 ,

161 1581 231 1646 ΤΗ.
267 1582 425 1645 lubeam?
490 1582 561 1644 ΤΚ.
602 1582 683 1645 lube
718 1583 843 1646 homini
885 1593 1025 1666 argento
1060 1605 1099 1650 os
1137 1604 1208 1649 ver·

165 1705 168 1712 '
286 1694 437 1758 berarier.

157 1805 233 1869 DA.
259 1800 415 1870 Perfacile
431 1826 493 1888 ego
510 1806 595 1869 ictus
612 1806 778 1889 perpetior
792 1820 977 1888 argenteos

162 1917 193 1979 T
189 1919 232 1980 R.
257 1917 396 1982 Audin?
420 1919 558 1993 videtur,
575 1939 713 1999 opsecro
729 1919 847 1994 hercle,
864 1918 1014 1995 idoneus

158 2029 300 2095 Danista
314 2031 369 2114 qui
386 2024 438 2106 sit,
455 2051 560 2112 genus
575 2032 662 2114 quod
680 2030 970 2112 improbissumum
986 2031 1062 2096 est?
1175 2045 1211 2100 90

162 2143 191 2205 Τ
187 2143 232 2206 Η.
258 2143 334 2206 Non
350 2163 413 2225 ego
432 2141 555 2226 [nunc]
576 2144 660 2206 istuc
677 2164 764 2218 curo,
780 2144 835 2226 qui
853 2144 905 2218 sit,
922 2144 1009 2206 unde
1025 2143 1091 2210 sit:
1197 2156 1199 2160 ’

158 2255 195 2318 ld
211 2256 286 2319 volo
302 2255 381 2317 mihi
397 2256 472 2330 dici,
489 2256 521 2318 id
539 2276 590 2317 me
607 2255 691 2318 scire
707 2267 836 2335 expeto,

158 2367 258 2450 Quod
281 2367 359 2430 illud
383 2378 555 2449 argentum
572 2379 632 2431 est.
677 2367 744 2430 ΤΚ.
771 2366 973 2430 Est—huic
987 2366 1085 2432 debet
1102 2366 1210 2433 Philo-

286 2480 396 2543 laches
1145 2505 1147 2509 ’

156 2592 301 2655 Paulum.
360 2592 433 2654 TH.
465 2591 695 2673 Quantillum?
756 2590 825 2654 TR.
861 2591 964 2673 Quasi
991 2592 1210 2675 quadraginta

285 2704 401 2768 minas.

155 2817 231 2881 DA.
257 2817 309 2880 Ne
336 2837 416 2880 sane
443 2817 475 2879 id
499 2816 638 2880 multum
666 2835 825 2892 censeas;
855 2815 988 2898 paulum
1015 2815 1049 2880 id
1073 2816 1205 2900 quidem

285 2939 346 2991 est.
1172 2937 1207 2994 95
1300 2931 1302 2935 ’

163 3041 192 3101 T
189 3041 232 3104 H.
257 3039 354 3103 Adeo
370 3040 467 3104 etiam
485 3039 613 3121 argenti
629 3036 743 3101 faenus
759 3039 918 3104 creditum
936 3039 1042 3103 audio.

161 3152 230 3214 ΤΚ.
255 3151 406 3243 Quapuor
421 3151 639 3235 quadraginta
654 3151 700 3213 illi
716 3152 880 3214 debentur
896 3151 1015 3227 minae,

66 3317 77 3328 .
157 3264 201 3327 Et
218 3285 288 3327 sors
304 3276 337 3327 et
353 3262 474 3328 saenus.
520 3264 595 3327 DA.
621 3263 766 3326 Tantum
783 3274 857 3338 est;
881 3263 984 3326 nihilo
999 3261 1074 3345 plus
1090 3270 1176 3346 pet0.

161 3376 228 3440 ΤΚ.
252 3375 361 3439 Velim
378 3376 509 3459 quidem
526 3375 643 3451 hercle,
661 3387 696 3439 ut
714 3396 779 3439 uno
795 3395 896 3451 numo
911 3375 985 3458 plus
1001 3384 1104 3457 petas.

157 3488 221 3551 Dic
236 3497 269 3552 te
285 3488 447 3563 daturum,
464 3499 500 3551 ut
515 3488 620 3550 abeat.
672 3487 741 3551 TH.
767 3487 841 3569 Ego
856 3487 963 3550 dicam
980 3487 1082 3551 dare?
1157 3496 1207 3536 100

676 3613 691 3662 3
