2810 4062
471 293 588 370 nchs
616 292 638 344 1.
690 293 810 344 scanni
836 293 885 344 1v.
1159 293 1203 363 19

149 470 248 534 Nunc
264 469 510 534 commissatum
526 470 638 534 iboad
656 468 921 544 Philolachetem,
1188 479 1203 536 5

149 583 215 648 Vbi
232 604 292 646 nos
308 583 401 646 hilari
418 583 552 665 ingenio
568 593 601 646 et
617 583 724 664 lepide
741 582 888 664 accipiet.

149 695 276 779 Ecquid
293 696 353 759 tibi
370 695 484 759 videor
499 694 795 758 ma-ma-madere?

146 809 223 873 DE.
249 809 387 889 Semper
402 808 484 871 istoc
500 809 598 870 modo
615 818 770 881 moratus,
786 807 862 882 vita,
878 806 1023 872 debebas
1034 841 1080 856 -

149 919 214 985 CA.
240 921 345 984 Visne
361 941 423 1002 ego
439 931 472 984 te
488 940 527 983 ac
542 931 578 983 tu
595 941 647 983 me
664 919 886 1000 amplectere?

146 1034 223 1097 DE.
250 1034 287 1097 Si
303 1033 363 1096 tibi
379 1033 470 1102 ¹cordi
486 1043 537 1095 est
552 1030 670 1107 facere,
686 1033 771 1096 licet,
819 1030 884 1096 CA.
911 1032 1038 1113 Lepida
1054 1054 1102 1097 es.
1168 1045 1200 1084 ¹0

147 1145 241 1208 Duce
258 1166 320 1220 me,
336 1145 461 1209 amabo
507 1145 584 1209 DE.
610 1145 699 1208 Cave
716 1165 758 1206 ne
779 1146 885 1208 cadaS.
932 1145 1025 1208 Asta.

148 1257 213 1323 CA.
239 1258 314 1322 Oh!
338 1259 400 1322 oh!
424 1257 546 1321 ocellus
562 1278 598 1322 es
613 1278 729 1335 meus;
752 1269 829 1322 tuus
852 1277 924 1321 sum
948 1257 1110 1333 alumnus,
1135 1257 1200 1324 mel

277 1391 397 1434 meum.
857 1451 859 1456 ,

145 1483 223 1547 DE.
248 1483 337 1547 Cave
353 1482 460 1556 modo,
477 1502 520 1546 ne
534 1482 625 1565 prius
641 1482 674 1546 in
691 1481 744 1546 via
760 1483 946 1558 accumbaS‚

148 1596 258 1678 Quam
276 1596 333 1670 illi,
350 1595 406 1658 ubi
422 1595 527 1659 lectus
543 1607 594 1659 est
611 1606 742 1668 stratus,
759 1594 894 1659 coimuS.
1058 1571 1060 1576 Ι

147 1707 212 1773 CA.
238 1708 318 1772 Sine
334 1708 405 1771 sine
422 1707 539 1770 cadere
556 1707 632 1771 me‘
662 1708 740 1772 DE.
766 1707 855 1772 Sino.
904 1706 969 1773 CA.
995 1707 1062 1774 Sed
1078 1719 1112 1774 et
1129 1710 1200 1785 hoc,

276 1820 363 1902 quod
379 1820 459 1882 mihi
475 1820 509 1882 in
525 1840 626 1883 manu
642 1831 701 1884 est.
1171 1832 1200 1888 ¹5

145 1934 221 1998 DE.
247 1932 282 1997 Si
298 1933 404 2008 cadeS,
421 1954 487 1995 non
504 1934 612 2008 cades,
627 1933 706 2016 quin
723 1933 837 1997 cadam
855 1944 973 1999 tecum.

146 2045 289 2109 Iacentis
305 2045 397 2109 tollet
413 2055 530 2128 postea
544 2066 606 2108 nos
622 2047 737 2109 ambos
753 2046 880 2129 aliquis.

146 2159 261 2221 Madet
276 2159 382 2222 homo.
431 2156 497 2222 CA.
522 2156 607 2221 Tun'
625 2179 678 2220 me
694 2159 741 2221 ais
757 2159 1048 2224 mama-madere?

144 2271 224 2336 DE.
250 2271 341 2335 Cedo
357 2291 491 2334 manum
507 2292 514 2334 :
538 2271 614 2334 nolo
630 2271 780 2353 equidem
798 2283 832 2335 te
848 2272 969 2354 adfligi.

147 2383 213 2449 CA.
240 2384 337 2458 Hem,
362 2396 446 2448 tene.
493 2384 570 2447 DE.
599 2383 686 2466 Age,
710 2384 719 2446 i
743 2384 753 2446 i
777 2384 882 2448 simul.
938 2383 1003 2449 CA.
1037 2385 1113 2468 Quo
1136 2407 1199 2468 ego

275 2517 357 2571 eam,
374 2516 415 2559 an
433 2496 520 2558 scis?
1166 2510 1200 2549 20

144 2608 221 2674 DE.
248 2608 334 2673 Scio.
376 2607 441 2673 CA,
467 2608 506 2671 In
524 2619 669 2672 mentem
684 2608 774 2673 venit
787 2609 904 2674 modo:
927 2630 1048 2692 nempe
1063 2610 1198 2674 domum

275 2741 315 2784 eo

146 2834 411 2898 Commissatum.
466 2834 543 2898 DE.
569 2834 692 2897 Imo-
750 2833 815 2900 CA.
850 2835 941 2899 Istuc
971 2835 1101 2919 quidem
1134 2829 1198 2899 iam

275 2947 418 3010 memini.

144 3059 334 3124 PHILOL.
360 3059 450 3122 Num
467 3080 533 3124 non
549 3059 599 3122 vis
615 3079 668 3124 me
684 3059 812 3124 obviam
830 3060 880 3123 his
896 3060 952 3135 ire,
969 3060 1078 3124 anime
1093 3060 1162 3125 mi?

145 3172 197 3236 Illi
213 3192 275 3255 ego
291 3194 331 3235 ex
347 3172 501 3236 omnibus
517 3183 652 3255 optume
667 3173 748 3236 volo.

145 3286 214 3349 Iam
233 3283 387 3350 revortar.
432 3285 636 3349 PHILEM.
662 3285 728 3348 Diu
746 3283 847 3348 ‘iam’
865 3284 898 3349 id
915 3284 1002 3348 mihi.
1165 3295 1197 3352 ²5

146 3397 212 3463 CA.
248 3399 372 3482 Ecquis
409 3399 462 3462 hic
493 3399 568 3462 est?
627 3397 820 3462 PHILOL.
854 3399 970 3462 Adest.
1033 3396 1099 3463 CA.
1134 3398 1196 3473 Eu,

278 3512 494 3583 Philolaches,
