2810 4062
487 277 605 329 ACTVS
632 279 669 329 11.
720 277 841 329 SCENA
867 278 891 330 1.
1169 281 1211 331 21

164 453 232 522 Vbi
247 453 348 539 aliqui
363 455 538 538 quindenis
554 455 658 520 hastis
673 476 792 538 corpus
808 455 958 538 transfigi
974 456 1105 521 solent?

164 551 335 652 Ego‘dabo
348 568 378 631 ei
394 569 564 644 talentum,
576 567 701 649 primus
711 568 765 650 qui
782 569 813 630 in
828 589 960 632 crucem
973 569 1214 646 excucurrerit;
1264 551 1267 558 ⁵

166 680 232 746 Sed
250 702 289 746 ea
304 682 386 763 lege,
403 691 439 743 ut
455 679 632 762 offigantur
646 679 697 742 bis
714 680 824 761 pedes,
841 680 891 743 bis
908 680 1049 744 brachia.
1109 718 1113 726 ·

162 793 230 858 Vbi
246 793 278 857 id
295 794 356 856 erit
372 791 503 866 factum,
520 812 539 854 a
555 812 607 853 me
623 803 797 874 argentum
814 792 918 874 petito
933 792 1203 874 praesentarium.

164 905 231 970 Sed
255 927 317 990 ego
340 925 458 970 sumne
481 905 534 968 ille
557 901 677 979 infelix,
694 905 749 988 qui
774 907 849 968 non'
863 925 958 970 curro
982 906 1143 970 curriculo
1159 907 1217 970 do-

293 1019 405 1082 mum?
1184 1030 1213 1086 ις

162 1131 352 1195 PHILOL.
384 1130 495 1218 Adest
527 1129 722 1212 opsonium:
760 1149 884 1206 eccum,
915 1130 1040 1194 Tranio
1068 1151 1089 1194 a
1117 1143 1215 1214 portu

292 1244 384 1308 redit.

167 1355 234 1420 TR.
269 1356 493 1421 Philolaches!
552 1353 745 1418 PHILOL.
782 1353 873 1437 Quid
903 1356 977 1419 est?
1028 1355 1095 1420 TR.
1136 1355 1212 1442 [Et]

292 1489 355 1551 ego
377 1479 411 1556 et
434 1480 522 1531 tu-
566 1467 759 1532 PHILOL.
794 1467 884 1550 Quid
912 1477 965 1532 ‘et
990 1489 1052 1551 ego
1075 1480 1109 1532 et
1132 1469 1214 1532 tu'?

297 1582 366 1645 TR.
393 1578 562 1645 Perimusl

160 1694 351 1758 PHILOL.
389 1694 477 1775 Quid
505 1693 573 1756 ita?
633 1691 700 1756 TR.
738 1693 834 1756 Pater
861 1693 962 1757 adest.
1019 1693 1211 1759 PHILOL.

292 1807 381 1889 Quid
397 1826 459 1888 ego
475 1827 514 1868 ex
531 1805 586 1868 ted
602 1805 723 1869 audio?
774 1805 805 1868 T
801 1806 842 1869 R.
868 1806 1050 1888 Apsumpti
1066 1827 1190 1870 sumus.
1250 1881 1253 1887 Ι

163 1920 268 1995 P'ater,
278 1919 421 2001 inquam,
434 1930 510 1982 tuus
521 1918 621 1982 venit.
667 1916 859 1982 PHILOL.
883 1918 949 1982 Vbi
966 1919 994 1982 is
1007 1929 1066 1992 est,
1078 1939 1214 2001 opsecro

290 2032 346 2096 te?
396 2032 465 2096 TR.
490 2031 608 2094 Adest.
654 2030 846 2095 PHILOL.
875 2029 1000 2114 [Adest
1013 2029 1042 2114 Β]

161 2144 245 2228 Quis
270 2144 301 2208 id
327 2143 396 2207 ait?
434 2145 507 2227 quis
533 2145 639 2207 vidit?
691 2145 757 2208 TR.
791 2145 942 2226 Egomet,
967 2143 1110 2226 inquam,
1137 2144 1212 2210 vidi.

290 2256 479 2321 PHILOL.
503 2257 575 2320 Vae
591 2257 688 2319 mihi!
1180 2269 1214 2308 20

161 2369 250 2452 Quid
273 2390 336 2452 ego
358 2371 444 2452 ago?
495 2371 525 2433 T
521 2371 563 2433 R.
590 2370 676 2433 Nam
700 2370 777 2454 quid
802 2381 847 2446 tu,
865 2371 995 2446 malum,
1012 2389 1065 2434 me
1081 2371 1213 2453 rogitas,

290 2482 368 2565 quid
384 2483 488 2564 agas?
533 2483 698 2548 Accubas.
942 2531 947 2540 .

159 2593 349 2658 PHILOL.
403 2595 488 2660 Tun’
533 2595 667 2659 vidisti?
755 2596 822 2660 TR.
869 2597 1021 2679 Egomet,
1067 2596 1212 2679 inquam.

289 2707 406 2770 PHIL
414 2707 481 2772 OL.
507 2708 631 2772 Certe?
675 2709 706 2770 T
702 2710 743 2772 R.
769 2709 905 2792 [Certe]
923 2709 1065 2794 inquam.
1085 2710 1213 2773 ‘PHI-

289 2819 390 2883 LOL.
416 2819 542 2898 Occidi,

161 2932 197 2996 Si
212 2942 249 2996 tu
267 2953 346 2996 vera
367 2952 536 2998 memoras
587 2933 618 2995 Τ
615 2934 657 2997 R.
683 2932 773 3016 Quid
797 2934 878 2998 mihi
901 2935 944 2999 sit
967 2935 1053 3013 boni,
1070 2936 1098 3000 si
1121 2957 1213 3000 men-

289 3044 376 3109 tiar?

158 3157 349 3222 PHILOL.
375 3158 464 3240 Quid
480 3179 541 3241 ego
553 3179 641 3222 nunc
657 3156 801 3224 faciam?
852 3161 883 3223 Τ
878 3161 919 3225 R.
945 3160 1027 3225 Iube
1037 3159 1119 3226 haec
1135 3161 1212 3226 hinc

289 3270 400 3334 omnia
414 3270 584 3335 amolirier.

160 3380 244 3465 Quis
261 3381 335 3446 istic
345 3383 487 3446 dormit?
531 3381 722 3447 PHILOL.
748 3382 987 3451 Callidamates.
1038 3386 1106 3452 TR.
1132 3385 1212 3452 Sus·

289 3495 354 3560 cita
371 3495 478 3570 istum,
494 3495 681 3578 Delphium.
1069 3591 1070 3594 ¹
1177 3511 1210 3565 25
