2810 4062
211 277 254 366 53
526 296 656 346 annun
683 297 954 348 nosceremur.

207 473 402 555 Quaestioni
432 472 580 556 accipere
610 495 729 538 servos,
797 474 864 539 TR.
901 474 1109 538 Faciundum
1139 476 1258 558 edepol

336 607 463 650 censeo,

207 699 280 779 Ego
296 698 428 762 interim
445 699 529 762 hanc
540 718 629 762 aram
640 699 815 781 occupabo.
869 698 938 764 TH.
963 700 1052 783 Quid
1070 701 1138 765 ita?
1186 701 1254 766 TR.

339 811 471 874 Nullam
488 832 556 874 rem
573 811 681 892 sapis:
1222 827 1256 880 30

206 923 258 986 Ne
273 924 361 986 enim
379 924 424 986 illi
440 925 505 987 huc
515 922 692 1006 confugere
708 922 842 1005 possint,
857 925 1039 1008 quaestioni
1051 947 1133 1009 quos
1145 927 1234 990 dabit
1249 950 1255 991 :

207 1036 273 1100 Hic
288 1057 350 1118 ego
366 1035 425 1099 tibi
442 1037 643 1118 praesidebo,
661 1057 703 1100 ne
718 1037 889 1101 interbitat
906 1039 1063 1120 quaestio.

210 1147 280 1212 TH.
308 1149 423 1230 Surge.
473 1148 541 1213 TR.
567 1149 724 1214 Minume.
778 1149 848 1213 TH.
875 1151 926 1213 Ne
946 1152 1255 1233 occupassisopse-

334 1281 512 1336 cro,aram.
565 1261 631 1325 ΤΚ.
656 1261 747 1324 Cur?
797 1262 867 1326 TH.
895 1263 1010 1327 Scies:
1280 1243 1285 1249 Ι

204 1374 291 1456 Quia
320 1373 408 1437 enim
439 1374 472 1436 id
502 1394 655 1438 maxume
685 1375 770 1450 volo,
797 1386 834 1439 nt
864 1375 910 1438 illi
941 1377 1023 1440 istoc
1049 1375 1252 1460 confugiant.

329 1487 459 1551 'Sine:'
621 1489 622 1494 ’

202 1599 312 1686 Tanto
324 1599 412 1681 apud
428 1599 570 1662 iudicem
588 1599 675 1663 hunc
687 1599 816 1682 argenti
832 1602 1058 1665 condemnabo
1073 1601 1207 1666 facilius.
1219 1631 1252 1688 35

208 1713 239 1775 Τ
235 1713 277 1776 Κ.
303 1713 401 1794 Quod
425 1711 503 1794 agis,
520 1713 553 1775 id
576 1731 663 1794 agas.
710 1713 800 1795 Quid
824 1724 859 1777 tu
884 1734 980 1793 porro
996 1715 1045 1777 vis
1069 1735 1177 1778 serere
1197 1737 1254 1780 ne·

333 1824 483 1906 gotium?

205 1935 325 2001 Nescis
341 1957 437 2021 quam
456 1937 647 2001 meticulosa
662 1957 713 2001 res
729 1937 773 2002 sit
788 1930 841 2001 ire'
852 1939 892 2002 ad
909 1938 1059 2005 iudicem.

208 2049 278 2114 ΤΗ.
305 2050 492 2132 Surgedum
509 2050 594 2114 huc:
618 2060 669 2114 est
685 2052 856 2115 consulere
872 2052 972 2134 igitur
992 2053 1146 2135 quiddam
1164 2054 1253 2137 quod

333 2173 441 2226 tecum
458 2163 540 2227 volo.

209 2277 277 2340 TR.
302 2275 359 2340 Sic
375 2287 485 2339 tamen
502 2275 579 2339 hinc
595 2275 767 2340 consilium
784 2278 923 2342 dedero:
948 2278 1050 2342 nimio
1072 2279 1146 2361 plus
1162 2279 1252 2362 sapio

332 2389 461 2453 sedens,

201 2501 288 2564 Tum
305 2501 441 2565 consilia
457 2501 601 2565 firmiora
616 2513 695 2566 sunt
711 2504 751 2565 de
767 2503 886 2566 divinis
901 2503 990 2568 locis
1217 2533 1253 2584 40

209 2614 278 2678 TH.
304 2614 431 2696 Surge!
465 2635 506 2677 ue
529 2616 670 2696 nugare!
696 2616 885 2697 aspicedum
914 2627 1029 2680 contra
1057 2619 1130 2680 me!
1183 2617 1250 2681 TR.

333 2726 468 2809 Aspexi
520 2726 594 2790 TH.
621 2728 750 2791 Vides?
816 2713 831 2734 '¹
1170 2714 1175 2722 ⁵

209 2841 275 2904 TR.
300 2840 425 2904 Video:
449 2841 513 2903 huc
529 2839 558 2903 si
575 2840 648 2924 quis
665 2840 847 2928 intercedat
863 2841 988 2918 tertius,
1004 2852 1115 2924 pereat
1130 2840 1225 2906 fame.

208 2951 238 3016 Τ
233 2953 278 3018 H.
304 2951 478 3036 Quidum?
530 2953 598 3016 ΤΚ.
624 2953 712 3035 Quia
724 2952 806 3016 nihil
822 2954 950 3036 quaesti
963 2954 1033 3030 siet,
1049 2954 1127 3018 mali
1143 2955 1252 3019 hercle

332 3066 430 3129 ambo
446 3085 569 3130 sumus.

208 3176 281 3240 TH.
307 3177 413 3241 Perii!
464 3177 531 3242 TR.
558 3175 647 3260 Quid
677 3177 739 3242 tibi
765 3178 839 3243 est?
892 3178 961 3244 TH.
986 3179 1118 3244 Dedisti
1141 3180 1251 3244 verba.

338 3289 409 3353 ΤΚ.
435 3287 502 3372 Qui
518 3291 675 3355 tandem?
726 3291 756 3354 T
753 3291 798 3356 H.
825 3291 930 3355 Probe

203 3402 282 3467 Med
298 3403 454 3468 emunxti.
507 3405 573 3468 ΤΚ.
599 3402 693 3481 Vide,
710 3404 765 3480 sis,
782 3404 888 3468 satine
911 3416 1022 3469 recte:
1045 3425 1124 3469 num
1145 3405 1254 3468 mucci
1282 3437 1284 3442 ·

333 3517 462 3580 fluont?
1085 3578 1087 3582 ,
1218 3526 1253 3583 43
