2810 4062
211 295 260 364 44
306 319 312 329 .
458 349 460 356 ,
524 265 957 344 PLAVT1MOSTELLAR1A.

212 472 265 536 SI.
293 470 409 534 Latius
442 471 575 534 demum
612 481 662 535 est
696 490 814 553 operae
852 469 994 552 pretium
1030 468 1137 535 ivisse.
1188 470 1262 534 TH.

342 563 448 648 Recte
463 584 580 666 edepol
596 605 720 648 mones.

211 697 263 760 ss.
290 696 373 771 Eho,
394 696 506 772 istum,
530 718 619 778 puer,
639 696 848 760 circumduce
874 695 935 760 has
959 696 1051 760 aedis
1076 706 1111 760 et
1134 695 1264 760 concla-

338 808 399 874 via.
749 788 751 790 ’
1214 821 1261 876 155

209 921 295 983 Nam
313 932 446 1004 egomet
461 923 642 998 ductarem,
659 921 721 984 nisi
738 921 783 984 mi
798 931 888 985 esset
903 921 943 984 ad
960 918 1064 985 forum
1083 922 1261 1005 negotium.

213 1033 285 1098 TH.
309 1033 429 1116 Apage
454 1034 553 1097 istum
579 1033 923 1118 [circumductorem]:
948 1033 1028 1096 nihil
1054 1054 1163 1098 moror
1186 1037 1263 1099 duc·

338 1147 445 1210 tarier.

208 1259 377 1342 Quidquid
394 1268 454 1335 est,
473 1259 602 1342 [errabo
619 1260 737 1342 potius,
754 1258 865 1342 quam]
885 1260 1057 1340 perductet
1074 1259 1245 1342 quispiam.

209 1372 264 1435 SI.
288 1372 394 1436 Aedis
420 1372 502 1437 dico.
554 1372 585 1436 T
581 1372 625 1436 H.
652 1373 741 1454 Ergo
768 1372 855 1435 intro
880 1393 920 1436 eo
945 1372 1016 1436 sine
1043 1374 1260 1456 perductore?

341 1484 396 1548 sl.
423 1485 448 1560 I,
464 1485 549 1549 iicet.

213 1595 283 1660 ΤΗ.
311 1596 370 1659 Ibo
408 1595 495 1660 intro
533 1596 641 1678 igitur.
705 1597 773 1661 TR.
812 1597 921 1671 Mane,
955 1595 1019 1662 sis:
1056 1597 1195 1673 videam,
1220 1617 1261 1661 ne

336 1707 480 1770 canis—
522 1707 593 1772 TH.
617 1709 784 1790 Agedum,
800 1709 883 1772 vide.
1213 1708 1261 1761 160

211 1818 280 1881 ΤΚ.
306 1819 377 1882 Est.
405 1819 486 1882 Abi.
514 1819 615 1883 Canis
645 1832 703 1884 est.
750 1820 818 1883 Abi
849 1822 1013 1886 dierecta!
1060 1819 1119 1887 St!
1158 1822 1259 1888 Abin'

207 1990 210 2000 ,
276 1973 279 1977 -
337 1931 423 2007 hinc,
441 1932 474 1995 in
491 1934 610 1996 maiam
627 1934 781 1996 crucem?

205 2042 255 2106 At
286 2043 386 2106 etiam
417 2047 544 2109 restas?
592 2045 650 2109 St!
688 2046 741 2109 abi
772 2046 889 2109 istinc!
937 2047 991 2110 SI.
1024 2046 1116 2112 Nihil
1147 2047 1259 2131 pericli

336 2165 395 2222 est.
443 2157 528 2240 Age.
1237 2247 1238 2251 Ἰ

206 2268 291 2332 Tam
314 2268 443 2352 placida
458 2281 517 2344 est,
534 2290 632 2353 quam
650 2280 701 2332 est
716 2289 808 2352 aqua,
826 2271 915 2334 vise:
938 2271 985 2335 ire
1001 2271 1087 2335 intro
1104 2272 1259 2337 audacter

258 2465 261 2468 ,
334 2383 419 2447 licet.

206 2495 256 2557 Eo
279 2516 341 2577 ego
363 2494 440 2559 hinc
460 2496 502 2559 ad
524 2493 641 2560 forum.
671 2473 763 2560 ΤΗ.
790 2495 912 2559 Fecisti
939 2498 1119 2560 commode.
1166 2497 1257 2561 Bene

335 2608 526 2672 ambula.—

203 2720 335 2796 Tranio,
359 2741 430 2803 age,
457 2741 571 2786 canem
602 2721 699 2784 istam
731 2741 749 2784 a
781 2717 904 2785 foribus
938 2719 1083 2806 [aliquis]
1113 2709 1257 2787 abducat

332 2831 413 2910 face,
1059 2857 1066 2867 ·
1208 2833 1255 2900 Ι65

204 2944 276 3007 Etsi
300 2965 367 3008 non
391 2946 566 3010 metuenda
589 2955 648 3010 est
699 2945 769 3011 TR·
797 2946 888 3029 Quin
911 2958 948 3010 tu
969 2946 1059 3010 illam
1081 2945 1202 3029 aspice,
1220 2959 1256 3012 ut

332 3057 458 3139 placide
473 3059 632 3121 accubat!

202 3168 275 3232 Nisi
306 3169 481 3234 molestum
512 3170 561 3234 vis
591 3151 695 3233 videri
725 3182 758 3234 te
787 3183 887 3255 atque
922 3171 1131 3256 ignavom—
1180 3173 1253 3239 TH.

333 3283 413 3358 Iam,
430 3293 466 3346 ut
481 3283 579 3346 lubet.
1235 3273 1237 3276 ⁵

206 3394 237 3456 Τ
233 3393 274 3458 R.
300 3394 445 3478 Sequere
456 3396 519 3458 hac
531 3415 584 3459 me
596 3394 703 3478 igitur.
744 3395 775 3459 Τ
770 3396 814 3462 H.
829 3397 992 3482 Equidem
1008 3398 1096 3464 haud
1113 3421 1252 3486 usquam

332 3508 502 3589 apedibus
519 3509 692 3590 apscedam
710 3508 784 3574 tuis.
1212 3531 1260 3602 χ
