2810 4062
465 279 581 329 ACTVS
609 279 632 328 1.
684 279 805 330 SCENA
833 280 886 330 111.
1161 278 1203 350 15

149 455 352 521 PHILEM.
379 454 446 520 Suo
462 456 582 540 quique
598 457 670 520 loco
686 455 793 520 viden'
803 456 940 538 capillus
950 455 1034 520 satis
1046 455 1208 539 composi-

282 578 335 631 tus
350 579 401 632 est
418 570 587 632 commode
602 570 614 632 ἓ

3 685 4 706 ’
73 699 74 702 ’
150 677 214 745 SC.
238 679 304 742 Vbi
340 691 375 744 tu
411 681 583 745 commoda
613 703 656 757 es,
689 681 841 764 capillum
881 670 1091 746 commodum
1131 703 1206 746 esse

281 793 412 856 creditu.

148 903 339 969 PHILOL.
364 905 448 980 Vah,
472 905 550 988 quid
574 906 628 970 illa
651 917 728 989 pote
750 906 844 988 peius
867 905 1042 991 quicquam
1069 905 1205 968 muliere

281 1016 515 1080 memorarier?
1123 1097 1129 1106 .

149 1128 248 1192 Nunc
289 1128 492 1191 adsentatrix
536 1129 674 1193 scelesta
712 1141 789 1207 est;
838 1131 960 1194 dudum
1001 1131 1203 1194 advorsatrix

281 1252 359 1305 erat.
1156 1254 1204 1292 100

147 1351 349 1415 PHILEM.
377 1351 469 1416 Cedo
501 1373 675 1417 cerussam.
738 1352 799 1418 SC.
833 1353 922 1436 Quid
956 1374 1091 1418 cerussa
1121 1375 1203 1436 opus

279 1483 355 1527 nam
371 1465 382 1526 ἓ
426 1465 629 1528 PHILEM.
656 1466 722 1547 Qui
738 1465 839 1530 malas
855 1465 1007 1530 oblinam.

49 1581 52 1585 ’
149 1573 210 1640 SC.
234 1575 312 1639 Vna
327 1597 426 1658 opera
444 1576 526 1639 ebur
542 1588 726 1641 atramento
742 1575 955 1641 candefacere
972 1578 1124 1660 postules.

147 1686 337 1752 PHILOL.
365 1688 489 1769 Lepide
521 1689 644 1752 dictum
672 1690 713 1752 dc
741 1699 927 1754 atramento
958 1703 1057 1775 atque
1084 1690 1202 1755 ebore!

280 1800 384 1882 Euge,
400 1801 520 1882 plaudo
538 1801 695 1882 Scaphae.

146 1911 348 1976 PHILEM.
373 1913 459 1975 Tum
477 1925 512 1976 tu
528 1913 629 1994 igitur
652 1914 732 1977 cedo
752 1914 987 1996 purpurissum.
1035 1913 1096 1980 SC.
1124 1915 1202 1978 Non

276 2024 341 2087 do:
362 2024 445 2088 scita
461 2045 495 2086 es
512 2036 548 2087 tu
564 2024 697 2107 quidem
714 2047 721 2100 ;

147 2135 242 2198 Nova
258 2135 386 2217 pictura
401 2135 597 2217 interpolare
616 2139 666 2200 vis
682 2159 766 2219 opus
784 2137 1056 2219 lepidissumum?
1152 2151 1199 2204 ¹05

147 2246 224 2310 Non
240 2247 346 2311 istanc
362 2258 503 2311 aetatem
521 2248 650 2330 oportet
667 2249 873 2331 pigmentum
891 2249 991 2312 ullum
1009 2249 1182 2333 attingere,

147 2358 264 2442 Neque
294 2379 469 2434 cerussam,
501 2380 608 2443 neque
640 2362 807 2436 melinum,
838 2381 943 2442 neque
974 2361 1070 2424 aliam
1101 2361 1199 2425 ullam

275 2468 436 2533 offuciam.

146 2578 237 2662 Cape
267 2581 367 2662 igitur
397 2583 575 2664 speculum.
630 2583 820 2647 PHILOL.
854 2582 920 2646 Hei
950 2581 1031 2645 mihi
1060 2581 1200 2646 misero:

215 2746 217 2748 .
277 2693 424 2768 suavium
441 2695 575 2777 speculo
591 2696 690 2761 dedit.

147 2803 255 2868 Nimis
270 2806 368 2868 velim
385 2805 538 2889 lapidem,
551 2808 607 2892 qui
620 2829 681 2891 ego
694 2807 740 2870 illi
752 2808 885 2889 speculo
897 2807 1078 2870 diminuam
1092 2817 1198 2888 caput.

147 2917 176 2982 S
178 2915 208 2982 C.
236 2918 390 2982 Linteum
404 2941 484 3003 cape
498 2932 598 3004 atque
607 2930 740 3002 exterge
752 2919 812 2983 tibi
825 2939 949 2982 manus.
995 2918 1198 2983 PHILEM.

279 3030 368 3113 Quid
385 3031 439 3109 ita,
456 3033 620 3116 opsecro?
879 3117 881 3121 Ι
1151 3044 1200 3083 ¹10

147 3139 211 3208 SC.
234 3142 282 3207 Vt
310 3145 480 3226 speculum
507 3143 651 3220 tenuisti,
668 3155 790 3222 metuo,
815 3166 856 3208 ne
884 3144 993 3209 oleant
1024 3156 1198 3228 argentum

277 3276 418 3322 manus:

146 3367 199 3432 Ne
230 3389 367 3452 usquam
399 3381 571 3453 argentum
606 3380 639 3433 te
673 3371 841 3451 accepisse
876 3369 1062 3450 suspicetur
1095 3367 1201 3431 Philo-

278 3481 396 3546 laches.
