2810 4062
122 317 127 328 .
212 278 257 347 ²4
519 276 650 330 rcnvrr
677 276 948 329 nosrnimum.

209 454 279 518 Iam
305 455 380 520 iube
401 453 509 521 efferri
535 455 645 520 intus:
669 456 766 520 hasce
790 475 853 538 ego
875 456 965 520 aedis
988 455 1159 520 occludam
1182 454 1260 520 hinc

339 565 427 634 foris

207 663 325 744 PHIL
332 679 400 746 OL.
426 681 466 744 In
483 691 574 745 tuam
587 680 770 744 custodiam
786 700 902 764 meque
915 692 948 744 et
965 702 1040 764 spes
1053 682 1143 746 meas
1155 682 1260 758 trado,

158 791 227 898 ἦρ
339 793 471 858 Tranio.

213 905 281 971 TR.
307 905 423 970 Pluma
446 907 533 970 haud
556 905 704 981 interest,
727 916 887 988 patronus
910 925 952 969 an
976 906 1089 972 cluens
1112 905 1261 989 proprior

338 1018 401 1085 siet
1225 1015 1261 1070 ⁶0

210 1130 358 1208 Homini,
374 1130 451 1224 quoi
468 1130 558 1194 nulla
573 1129 607 1193 in
623 1142 757 1212 pectore
773 1139 824 1195 est
840 1113 986 1194 audacia.

210 1243 297 1308 Nam
314 1243 442 1328 quoivis
457 1242 592 1319 homini,
608 1243 660 1306 vel
676 1254 813 1325 optumo
829 1242 881 1306 vel
897 1262 1061 1324 pessum0,

209 1357 369 1441 Quamvis
385 1357 537 1422 desubito
554 1354 647 1420 facile
663 1367 713 1419 est
730 1353 836 1420 iacere
852 1355 1015 1438 nequiter;
1063 1391 1065 1395 ι

207 1469 330 1534 Verum
349 1470 380 1534 id
397 1470 576 1534 videndum
592 1480 653 1544 est,
670 1468 702 1532 id
718 1468 780 1533 viri
795 1469 883 1532 docti
900 1479 951 1532 est
967 1488 1059 1551 opus,

210 1581 307 1665 Quae
322 1583 494 1666 designata
511 1583 576 1646 sint
592 1592 626 1646 et
643 1579 728 1644 iacta
744 1581 899 1664 nequitia,
1225 1577 1258 1649 ⁶5

206 1696 397 1779 Tranquille
414 1675 533 1759 cuncta
549 1707 582 1759 et
599 1705 634 1758 ut
651 1695 846 1777 proveniant
862 1693 933 1758 sine
949 1693 1057 1758 malo:

124 1819 136 1845 ‘
208 1807 240 1871 N
244 1809 253 1871 i
269 1809 347 1890 quid
364 1809 514 1890 patiatur,
532 1808 746 1890 quamobrem
763 1806 873 1889 pigeat
888 1806 1019 1870 vivere:

208 1920 301 1985 Sicut
317 1943 379 2003 ego
395 1920 543 1996 efficiam,
561 1941 645 2003 quae
661 1917 748 1984 facta
763 1920 816 1998 hic
832 1920 1046 1995 turbavimns,

207 2032 357 2098 Proiecto
374 2048 409 2098 ut
426 2034 569 2118 liqueant
586 2033 697 2098 omnia
712 2043 746 2097 et
762 2033 938 2116 tranquilla
953 2033 1029 2108 sint,

208 2146 280 2210 Nec
296 2147 469 2230 quicquam
488 2147 581 2211 nobis
597 2147 726 2229 pariant
742 2167 783 2209 ex
799 2167 838 2210 se·
850 2145 1058 2210 incommodi.
1224 2154 1259 2210 70

208 2259 274 2324 Sed
291 2260 370 2342 quid
386 2271 422 2324 tu
439 2259 631 2342 egrederis?
677 2259 783 2323 Perii!
807 2295 851 2304 -
863 2280 891 2332 ο,
909 2258 1039 2322 iamiam
1056 2269 1192 2341 optume

207 2372 393 2454 Praeceptis
409 2373 566 2454 paruisti!
612 2372 644 2436 P
656 2372 756 2437 VER.
783 2369 923 2456 [Herus]
943 2370 1036 2436 iussit
1053 2391 1205 2437 maxumo

207 2485 317 2567 Opere
333 2507 434 2561 orare,
451 2497 487 2550 ut
503 2498 629 2568 patrem
647 2486 755 2568 aliquo
771 2497 973 2568 apsterreres
990 2486 1096 2561 mod0,

207 2597 260 2661 Ne
277 2598 426 2664 introiret
441 2598 539 2662 aedis.
590 2598 621 2662 T
616 2597 658 2663 R.
706 2598 796 2681 Quin
813 2599 913 2662 etiam
931 2597 977 2660 illi
994 2598 1055 2661 hoc
1071 2597 1179 2674 dicito,

208 2710 396 2796 Facturum,
413 2720 450 2776 ut
466 2732 507 2775 ne
523 2711 622 2776 etiarn
639 2711 785 2793 aspicere
802 2712 892 2775 aedis
909 2712 1037 2786 audeat,
1224 2721 1256 2778 75

206 2823 323 2905 Capite
339 2824 494 2888 obvoluto
510 2835 547 2887 ut
562 2821 676 2906 fugiat,
693 2843 768 2887 cum
785 2843 916 2886 summo
935 2835 1033 2887 metu.

206 2935 334 3000 Clavim
350 2937 431 2999 cedo
447 2947 545 3019 atque
560 2937 614 3000 abi
631 2936 707 3000 hinc
720 2936 814 3010 intro,
832 2947 931 3018 atque
946 2936 1083 3000 occlude
1099 2937 1230 3012 ostium,

207 3048 251 3112 Et
267 3070 329 3130 ego
345 3049 422 3112 hinc
438 3048 617 3113 occludam.
630 3085 674 3094 —
687 3048 768 3111 Iube
784 3048 895 3112 venire
913 3049 1102 3117 nunciam!

207 3162 320 3226 Ludos
336 3182 398 3243 ego
415 3161 511 3226 hodie
526 3161 601 3224 vivo
616 3162 782 3244 praesenti
799 3161 852 3226 hic
868 3161 941 3225 seni

136 3253 141 3260 ¹
206 3274 350 3348 Faciam,
366 3276 452 3357 quod
469 3274 566 3338 credo
584 3285 711 3338 mortuo
728 3293 907 3357 numquam
924 3274 1000 3340 fore.
1222 3273 1255 3328 80

205 3386 392 3451 Concedam
410 3408 430 3452 a
445 3385 570 3452 foribus
585 3386 651 3451 huc
665 3407 673 3462 ;
697 3388 774 3451 hinc
790 3387 985 3468 speculabor
1000 3388 1123 3470 procul,

206 3498 305 3564 Vn'de
320 3499 508 3564 advenienti
524 3499 685 3564 sarcinam
703 3499 858 3582 inponam
876 3501 954 3564 seni.
