2810 4062
455 247 573 299 ACTVS
601 247 623 298 1.
676 245 796 298 SCENA
823 246 875 297 111.
1148 246 1187 295 11

140 423 205 491 SC.
231 424 394 508 Equidem
418 423 472 506 pol
496 423 604 498 miror,
628 433 695 486 tam
719 433 836 499 catam,
860 432 927 485 tam
950 422 1082 486 doctam
1105 430 1139 485 te
1160 431 1193 484 et

267 537 353 601 bene
368 538 530 612 eductam,

138 650 216 714 Non
246 649 390 724 stultam,
423 648 524 714 stulte
556 645 670 712 facere.
724 645 929 711 PHILEM.
962 644 1052 730 Quin
1085 665 1193 726 mone,

267 783 399 845 quaeso,
416 761 443 824 si
459 762 537 844 quid
553 781 637 824 erro.
1160 771 1195 823 30

139 871 201 939 SC.
225 874 278 936 Tu
294 883 422 937 ecastor
438 878 539 949 erras,
555 892 640 956 quae
655 871 788 955 quidem
805 870 896 934 illurn
914 880 1068 953 expectes
1081 890 1192 946 unurn,

269 998 374 1068 atque,
385 986 431 1048 illi

138 1099 267 1162 Morem
284 1098 462 1181 praecipue
479 1097 527 1162 sic
543 1117 649 1179 geraS,
665 1107 765 1180 atque
781 1095 861 1158 alios
877 1095 1073 1178 asperneris.
1144 1096 1146 1098 ’

139 1211 323 1286 Matronae,
340 1230 406 1273 non
423 1210 643 1273 meretricium
658 1219 718 1285 est,
731 1229 833 1271 unum
850 1207 1007 1271 inservire
1019 1219 1193 1271 amantem.

136 1321 329 1386 PHILOL.
355 1322 438 1384 Proh
472 1321 629 1403 Iuppiter,
660 1341 737 1384 nam
768 1321 855 1403 quod
890 1319 1011 1386 malurn
1044 1332 1195 1383 vorsatur

273 1453 365 1496 meae
380 1432 469 1497 dorni
485 1432 564 1496 illud
579 1433 590 1494 ?

139 1543 183 1606 Di
201 1544 348 1626 deaeque
363 1564 478 1607 omnes
495 1564 548 1607 me
564 1525 727 1624 pessumis
742 1543 900 1626 exemplis
917 1543 1127 1620 interficiant,
1161 1555 1194 1608 35

139 1655 214 1718 Nisi
231 1675 293 1736 ego
309 1654 397 1718 illam
414 1676 511 1719 anum
529 1653 724 1719 interfecero
740 1655 803 1730 siti,
820 1652 979 1738 fameque,
992 1667 1092 1740 atque
1108 1656 1192 1738 algu.

138 1766 342 1831 PHILEM.
370 1767 457 1830 Nolo
480 1788 543 1849 ego
566 1766 647 1831 mihi
671 1769 755 1832 male
779 1778 821 1842 te,
841 1767 980 1849 Scapha,
997 1767 1194 1850 praecipere.

272 1876 334 1943 SC.
360 1878 470 1943 Stulta
486 1899 522 1942 es
540 1880 646 1962 plane,

142 1990 239 2074 Quae
261 1990 352 2054 illurn
373 1990 434 2055 tibi
457 2003 628 2056 aeternum
649 2001 745 2074 putes
763 1989 833 2054 iore
848 1990 988 2055 amicum
1005 2000 1039 2056 et
1054 1991 1197 2055 benevo-

271 2101 405 2167 lentem.

142 2215 264 2278 Moneo
279 2235 342 2296 ego
359 2227 410 2278 te:
433 2225 467 2279 te
483 2215 537 2279 ille
552 2216 681 2279 deseret
697 2224 805 2278 aetate
821 2225 855 2279 et
871 2213 1033 2279 satietate.

139 2326 343 2390 PHILEM.
371 2326 448 2389 Non
475 2347 580 2408 spero.
627 2324 689 2391 SC.
716 2327 888 2409 Insperata
910 2326 1066 2390 accidunt
1089 2324 1195 2406 magis

272 2457 379 2520 saepe,
395 2457 492 2521 quarn
510 2459 593 2521 quae
610 2458 733 2521 speres.
1114 2515 1115 2518 Ἴ
1161 2447 1197 2499 40

142 2550 322 2624 Postremo,
339 2548 367 2612 si
383 2549 478 2613 dictis
497 2549 613 2632 nequis
629 2549 773 2632 perduci,
789 2559 826 2613 ut
841 2568 919 2612 vera
934 2548 1017 2613 haec
1032 2547 1159 2623 credas,

143 2661 220 2724 Mea
242 2660 331 2723 dicta
346 2679 386 2722 ex
400 2657 497 2724 factis
521 2681 620 2726 nosce
635 2682 643 2739 ;
667 2682 734 2725 rern
751 2661 852 2737 vides,
869 2681 953 2744 quae
976 2660 1089 2724 simet
1111 2679 1196 2743 quae

272 2769 318 2834 sui
337 2782 423 2835 ante.

143 2883 257 2966 Nihilo
280 2902 351 2965 eg0,
374 2903 472 2964 quarn
496 2903 584 2947 nunc
604 2895 649 2960 tu,
666 2905 740 2948 sum
763 2895 872 2949 amata
895 2895 993 2968 atque
1016 2884 1075 2948 uni
1097 2886 1195 2948 modo

274 2994 363 3075 gessi
379 3015 512 3069 rnorem,

146 3103 213 3184 Qui
229 3102 284 3184 pol
300 3123 360 3176 me,
378 3103 433 3166 ubi
450 3113 557 3166 aetate
573 3103 635 3168 hoc
652 3114 750 3186 caput
766 3104 908 3168 colorem
925 3104 1148 3181 commutavit,

146 3213 293 3297 Reliquit
308 3213 518 3298 deseruitque
534 3236 595 3279 me.
641 3216 819 3279 Tibi‘idem
838 3215 981 3279 futurum
998 3218 1105 3280 credo.
1161 3227 1195 3280 45

142 3324 334 3391 PHILOL.
357 3326 424 3389 Vix
447 3326 651 3409 comprimor,
675 3327 754 3410 quin
785 3325 926 3391 involem
954 3326 1000 3390 illi
1024 3326 1058 3389 in
1084 3326 1196 3390 oculos

275 3437 490 3503 stimulatrici,
